2746 5190
128 292 148 350 4
354 285 704 352 TUSCULANARUM
726 286 822 351 DISP
830 287 1087 353 UTATIONUM

133 421 166 485 Ο.
185 421 336 501 Claudio,
361 421 457 488 Caeci
473 422 554 501 filio,
579 423 621 487 M.
638 423 800 488 Tuditano
817 425 1024 502 consulibua,
1047 441 1131 487 anno
1155 427 1231 486 ante
1251 441 1309 486 na-

131 512 201 572 tum
227 508 369 571 Ennium
401 508 471 591 [qui
493 509 556 572 fuit
577 511 681 573 maior
703 516 783 573 natu
805 530 901 591 quam
923 511 1060 575 Plautus
1085 515 1117 573 et
1138 507 1309 592 Naevius}

132 594 173 657 ΙΙ.
212 593 290 658 Sero
314 595 415 675 igitur
430 614 449 658 a
465 595 586 659 nostris
603 600 720 675 poetae
742 596 794 660 vel
812 597 934 677 cogniti
955 597 1007 661 vel
1023 595 1155 676 recepti.
1191 594 1310 670 Quam-

131 698 228 760 quam
250 685 300 744 est
323 681 408 744 eninr
430 681 464 744 in
485 680 674 761 Originibus
699 682 813 746 solitos
838 702 910 747 esse
925 684 960 746 in
976 682 1082 763 epulis
1099 699 1215 744 canere
1233 699 1309 743 con-

130 765 221 829 vivas
244 766 285 828 ad
307 766 474 830 tibicinem
503 766 542 830 de
565 768 726 831 clarorum
747 767 914 832 hominum
936 768 1128 844 virtutibuS,
1152 766 1310 830 honorem

68 914 73 925 ,
131 856 240 915 tamen
263 852 338 915 huie
361 853 471 933 generi
494 871 559 916 non
582 852 684 917 fuisse
712 853 856 918 declarat
879 856 983 919 oratio
1008 853 1156 931 Catonia,
1187 853 1222 915 in
1245 870 1311 932 qua

63 1002 67 1013 ,
132 936 252 1001 obiecit
274 942 311 1000 ut
333 939 487 1018 probrum
510 939 552 1001 M.
576 939 747 1009 Nobiliori,
772 940 859 1020 quod
880 941 909 1004 is
929 941 963 1004 in
979 940 1177 1021 provinciam
1193 942 1310 1019 po'e'tas

132 1023 293 1087 duxisset:
330 1025 467 1089 duxerat
489 1029 598 1088 autem
621 1026 734 1089 consul
760 1025 817 1089 ille
846 1028 880 1090 in
907 1027 1082 1104 Aetoliam,
1112 1030 1150 1088 ut
1178 1024 1309 1103 scimus,

131 1108 282 1172 Enniium.
333 1110 402 1186 Quo
433 1111 540 1174 minus
569 1111 671 1191 igitur
699 1112 831 1176 honoris
861 1117 931 1176 erat
961 1112 1083 1193 politia,
1116 1129 1153 1174 eo
1184 1110 1312 1173 minora

132 1194 241 1258 studia
264 1195 405 1273 fuerunt,
429 1215 488 1260 nec
510 1202 629 1276 tamen,
654 1198 681 1261 si
706 1198 761 1278 qui
784 1200 910 1280 magnis
930 1198 1070 1279 ingeniis
1087 1198 1120 1261 in
1137 1214 1174 1260 eo
1191 1214 1310 1278 genere

132 1283 338 1361 exstiterunt,
363 1301 426 1346 non
451 1283 531 1347 satis
549 1282 746 1348 Graecorum
769 1285 891 1365 gloriae
914 1284 1162 1365 responderunt.
1200 1281 1235 1349 4.
1258 1282 1311 1345 An

132 1385 311 1447 omnemne,
329 1368 356 1431 si
373 1369 484 1447 Fabio,
507 1369 712 1435 nobilissimo
729 1369 861 1451 homini,
885 1371 974 1434 laudi
991 1371 1102 1434 datum
1119 1373 1206 1433 esset
1222 1367 1310 1449 quod

131 1454 297 1535 pingeret,
327 1473 392 1518 non
422 1456 543 1519 multos
575 1456 673 1520 etiam
704 1456 791 1536 apud
821 1476 880 1521 nos
911 1457 1039 1521 futuros
1069 1454 1246 1536 Polyclitos
1277 1457 1311 1517 et

122 1630 181 1718 'dos
201 1665 266 1717 dare
286 1664 330 1729 (se
355 1639 482 1734 populo),
500 1674 567 1720 statt
588 1666 634 1720 des
652 1683 696 1731 ge·
748 1684 803 1737 agr.
822 1669 900 1722 1193
918 1669 1023 1722 hostiae
1044 1695 1075 1702 —
1095 1667 1129 1720 ad
1146 1677 1308 1733 praeconem

133 1734 318 1788 ubhnlichern
337 1734 454 1789 fabulam
474 1736 571 1789 docere
590 1736 640 1801 (sc.
657 1738 696 1789 hi·
748 1746 775 1792 et
802 1739 836 1792 ad
864 1739 1000 1792 tibicinem
1031 1737 1246 1790 immolabantur.
1275 1762 1309 1769 -

133 1805 260 1870 striones)
273 1805 313 1857 IV
331 1805 372 1857 63.
389 1836 421 1842 -
438 1823 513 1859 orario
528 1813 600 1861 ante.
620 1806 696 1860 Unus
746 1808 812 1863 braic
834 1809 942 1877 peracri,
972 1824 1008 1861 sc.
1026 1813 1176 1875 poetarum.
1205 1833 1238 1841 -
1266 1801 1308 1854 Μ.

133 1875 199 1928 wind
218 1875 253 1927 im
272 1875 333 1927 Lat.
352 1874 395 1929 bei
416 1875 549 1945 Begriffen
569 1877 617 1930 der
636 1877 697 1928 Zeit
748 1877 873 1933 Fulvius
892 1878 1035 1944 Nobilior,
1054 1878 1128 1930 einer
1144 1877 1192 1929 der
1204 1875 1309 1942 Haupt-

134 1944 189 1998 und
208 1945 255 1997 des
273 1945 379 1997 Messes
402 1947 596 2014 weggelassen,
620 1961 696 1998 wenn
748 1956 880 2002 vertreter
898 1950 945 2003 des
963 1955 1029 2002 rom.
1047 1945 1309 2017 Hellenismusulm

132 2015 209 2067 nicht
231 2014 421 2070 ausdrileklieh
437 2017 485 2070 der
500 2016 563 2083 Ggs.
578 2032 636 2084 geg.
653 2015 695 2067 die
746 2019 773 2072 J.
792 2018 842 2071 189
861 2017 1010 2072 unterwarf
1026 2033 1056 2071 er
1074 2016 1113 2069 als
1133 2016 1232 2068 Consul
1241 2019 1309 2069 Ato-

133 2084 270 2157 Mehrheit
288 2084 511 2153 hervorgehoben
533 2102 563 2137 w.
582 2086 642 2138 soll.
662 2113 694 2120 -
746 2089 809 2142 lien.
845 2089 901 2142 Der
919 2088 1047 2140 Vorwurf
1062 2086 1167 2151 (latos,
1191 2085 1239 2137 des
1256 2086 1309 2138 Re·

139 2152 170 2222 Q.
189 2152 321 2219 linarias,
345 2170 370 2207 a.
388 2156 477 2209 Radit
497 2157 525 2208 in
544 2155 695 2220 Calabriam
746 2163 941 2226 prtsentanten
966 2157 1013 2210 der
1032 2156 1187 2209 nationalen
1207 2155 1309 2219 Partei,

133 2225 192 2292 geb-
206 2223 258 2275 239
273 2240 298 2275 v·
312 2223 382 2293 Chr,
400 2225 557 2279 berhhmter
572 2226 696 2293 epischer
746 2231 831 2296 bezog
849 2228 906 2281 sich
926 2225 1035 2294 darauf,
1060 2225 1122 2278 dass
1141 2241 1170 2278 es
1188 2225 1246 2278 sich
1265 2225 1309 2277 fur

133 2310 160 2347 u·
179 2294 292 2347 dramat
306 2294 419 2348 Dichter
437 2296 602 2349 deermer.
631 2294 695 2348 Sein
747 2300 825 2353 einen
849 2303 915 2350 rom.
936 2297 1067 2350 Beamten
1093 2295 1168 2348 nieht
1192 2295 1309 2361 salacha,

133 2364 301 2430 Hauhtwefk
329 2363 390 2418 Sissd
417 2365 461 2418 die
485 2365 623 2429 Annalem
650 2365 695 2418 ein
746 2369 825 2423 einen
836 2368 947 2420 Dichter
957 2367 984 2419 in
995 2366 1097 2420 seinem
1106 2363 1217 2432 Gefolge
1228 2366 1255 2417 in
1266 2364 1309 2417 die

133 2433 330 2501 Nationalepos
347 2434 375 2487 in
392 2434 425 2487 18
437 2436 571 2501 Bucherm
588 2435 616 2487 in
632 2434 694 2486 uel·
745 2439 861 2492 Provinz
874 2436 1070 2490 mitzunehnien
1093 2433 1227 2500 (daec-re).
1256 2435 1309 2487 Da-

134 2504 211 2556 chem
229 2518 259 2554 er
277 2519 338 2555 zum
351 2511 442 2557 ersten
452 2506 525 2558 Male
544 2504 694 2557 deuHexa·
746 2522 831 2576 gegen
850 2507 915 2560 wind
936 2522 965 2558 er
984 2521 1035 2559 von
1055 2504 1109 2557 Cio.
1129 2520 1156 2572 p.
1174 2505 1256 2557 Arch.
1274 2504 1309 2555 27

134 2582 219 2626 meter
238 2587 273 2625 an
292 2572 376 2626 Stelle
395 2574 442 2627 des
461 2576 565 2628 altrdm.
585 2574 694 2627 Saturn.
747 2578 825 2631 desw.
844 2577 967 2644 gefeiert.
986 2604 1019 2612 -
1037 2579 1129 2628 autam
1142 2595 1171 2620 =
1185 2575 1310 2640 natulich,

134 2644 234 2697 Verses
255 2643 429 2710 gebrauchte.
465 2645 545 2711 (Hor.
564 2644 642 2711 epist.
659 2642 694 2708 11,
746 2648 821 2701 fuhrt
844 2646 914 2699 efter
937 2645 998 2697 eine
1019 2644 1192 2699 erltuternde
1209 2645 1310 2697 Paren-

135 2715 159 2781 1,
178 2712 212 2764 50
230 2713 300 2765 alter
317 2713 476 2782 Homerus).
747 2718 824 2770 these
837 2717 889 2783 ein,
908 2729 985 2767 wenn
997 2715 1045 2768 das
1057 2717 1085 2768 in
1097 2715 1140 2767 ihr
1153 2714 1308 2767 enthaltene

168 2800 205 2853 11,
232 2798 382 2867 pel-vel,
400 2801 449 2854 wie
466 2802 536 2856 nach
549 2801 607 2855 dem
620 2801 695 2855 seph.
746 2785 951 2842 Nouevondem
961 2784 1208 2853 Vorhergehendcn
1219 2784 1308 2836 sehar-

135 2879 181 2925 ten
192 2871 286 2923 Worte
302 2871 433 2926 suehend:
453 2873 558 2925 sollich
569 2886 651 2939 sagen
663 2900 695 2909 -
747 2859 788 2913 ses
806 2863 933 2941 &eliseum
957 2855 1064 2908 werden
1087 2854 1163 2936 ⁸⁰lls,
1176 2854 1224 2936 wie
1247 2851 1262 2921 ἓ
1281 2854 1310 2920 (33

136 2940 325 3007 oder31112'23
342 2940 388 3008 24,
403 2941 497 3008 lule,
513 2942 627 3008 recepti,
637 2941 697 2995 weil
748 2928 820 2981 8011·
834 2933 858 2980 ό·
873 2953 911 2987 .··
928 2940 979 2979 ΜΟ
990 2953 1023 2962 ··
1035 2941 1103 2991 ”⁰¹22
1121 2925 1165 2978 bel
1178 2925 1232 3021 (iffi-
1243 2931 1311 2978 Βῒθῒὸ

136 3012 178 3065 die
196 3011 313 3062 altesten
330 3011 443 3065 Dichter
465 3012 579 3066 Fremde
598 3027 696 3064 waren.
747 3018 881 3084 getrennt
909 3040 942 3065 τ
970 3012 997 3064 si
1020 3014 1082 3082 qai,
1114 3032 1143 3057 τ-
1175 3020 1202 3060 tt
1224 3016 1312 3072 river,

136 3085 236 3145 —cst,
258 3100 287 3124 -·
307 3082 505 3148 scriptumest,
525 3081 696 3149 (unlatlegi-
749 3086 808 3139 eine
835 3082 938 3136 feinere
962 3082 1119 3151 Wandung:
1153 3084 1323 3149 dicicnigen,·

135 3159 210 3215 tur),
234 3150 286 3216 vgl.
305 3150 331 3202 II
350 3152 395 3219 11;
421 3152 460 3206 IV
477 3152 523 3217 493
542 3152 567 3205 V
586 3150 644 3204 105.
663 3178 697 3187 -
748 3153 849 3209 welche
861 3158 941 3219 etna,
954 3151 997 3206 die
1011 3154 1144 3221 wenigen,
1159 3152 1312 3205 welche.—

135 3222 187 3275 Die
210 3218 355 3286 Origines,
380 3221 427 3276 das
450 3222 536 3275 leider
556 3221 697 3274 verlorene
749 3224 781 3277 ia
801 3238 830 3276 eo
849 3236 957 3291 qaaere,
975 3222 1003 3275 in
1023 3223 1124 3276 diesem
1141 3221 1241 3276 Fache.
1261 3249 1294 3259 —

137 3291 234 3343 tlteste
260 3288 493 3344 Gesehichtswerh
515 3293 544 3345 in
566 3292 614 3344 lat.
637 3290 696 3358 Spr.
782 3292 832 3362 §a
846 3292 894 3344 Ab
904 3306 1055 3346 causariae.
1072 3292 1111 3344 Im
1121 3293 1154 3345 D.
1162 3291 1313 3357 entspricht

138 3358 184 3412 des
203 3359 239 3410 M.
252 3358 365 3411 Porcius
384 3360 451 3414 Cato
465 3360 618 3428 Censorius,
637 3359 698 3414 nel·
747 3361 1312 3429 derbreiternUmschreibungdurehcen·

138 3430 202 3482 ches
221 3428 280 3480 eine
292 3427 486 3495 Urgeschichte
503 3431 594 3484 Rom’s
611 3446 637 3483 u.
651 3429 699 3481 der
750 3448 847 3498 semus,
854 3441 980 3500 putamus
990 3450 1015 3485 u.
1022 3449 1046 3487 a.
1057 3433 1101 3485 ein
1111 3431 1215 3484 blosses
1226 3432 1312 3481 etwa:

137 3499 194 3552 ital.
216 3497 378 3551 Gemeinden
402 3500 431 3553 in
455 3500 471 3551 7
495 3500 621 3552 Buchern
646 3514 698 3551 von
751 3502 822 3556 Oder
837 3502 928 3554 warde
946 3517 975 3555 es
994 3502 1065 3556 denn
1079 3508 1200 3555 etwa—.
1218 3498 1313 3552 Uebri-

137 3568 227 3621 Rom's
246 3565 395 3635 Grundung
418 3569 459 3621 bis
477 3585 511 3621 zu
529 3570 620 3622 seiner
638 3569 700 3621 Zeit
749 3586 816 3640 gens
833 3571 942 3626 bezieht
960 3572 1017 3625 sich
1035 3572 1079 3625 die
1101 3571 1190 3637 Frage
1208 3570 1257 3621 mit
1275 3585 1313 3620 aa

138 3637 259 3691 enthielt.
280 3663 312 3671 -
331 3636 362 3688 ia
381 3638 472 3704 apalis
491 3653 598 3691 canere.
616 3639 699 3692 Diese
750 3641 825 3695 nicht
837 3641 885 3694 aul
893 3639 945 3694 den
953 3640 1103 3695 unmittelb.
1115 3639 1313 3706 vorhergehen·

139 3705 319 3772 Tisehlieder‚
344 3705 426 3760 deren
445 3709 556 3761 Verlust
582 3708 636 3761 Cic.
654 3707 699 3760 be·
751 3708 965 3777 denGedanken,
974 3707 1152 3763 sondaufdie
1162 3709 1321 3775 propositio.

136 3776 213 3843 klagt
231 3774 322 3839 (Brut.
334 3775 367 3827 75
382 3777 485 3831 utinam
501 3783 641 3830 exstarent
652 3777 701 3829 illa
751 3777 766 3847 ξ
784 3779 800 3831 3
820 3778 962 3833 Doctrina
989 3778 1111 3833 Graecia
1132 3780 1246 3843 aurach,
1270 3776 1314 3829 die

138 3845 277 3910 carmina),
297 3844 405 3899 whrden
421 3847 445 3899 d.
456 3849 571 3900 altesten
581 3846 700 3913 Erzeug-
751 3865 803 3902 nur
812 3850 905 3902 neiter
917 3848 1160 3916 ausgehlhrtnird.
1172 3876 1202 3884 -
1216 3844 1244 3899 O.
1254 3843 1313 3898 Fa-

138 3915 211 3967 nisse
229 3920 295 3966 rom.
314 3914 411 3968 Paesie
433 3918 499 3970 sein.
534 3916 593 3983 Vgl.
611 3915 657 3981 lV,
675 3918 700 3968 3.
754 3915 1314 3983 bias‚derGrosevaterdesberuhmten,in

138 3984 273 4049 Niebuhr,
298 3990 364 4037 rom.
390 3984 487 4040 Geseh.
511 3985 524 4039 I
548 3985 575 4038 S.
598 3984 649 4037 268
672 3984 700 4038 ff.
751 3985 1313 4055 griech.Spr.schreibenden,Annalisten,

138 4054 198 4106 halt
210 4054 249 4106 sie
260 4051 304 4106 fur
317 4055 405 4107 uralte
414 4057 509 4109 histor.
521 4054 700 4121 Volhslieder,
751 4058 832 4110 malte
838 4055 890 4109 304
896 4055 1061 4126 denTempel
1067 4053 1250 4111 derSalusauf
1253 4053 1314 4107 dem

140 4122 224 4176 durch
243 4123 325 4176 deren
343 4125 501 4191 prosaische
517 4124 700 4191 Bearbeitung
752 4126 859 4194 Capitol
869 4140 918 4179 aus
929 4128 1061 4182 uerhiclt
1072 4125 1313 4191 deshalb,anlangs

140 4191 183 4245 die
200 4198 267 4245 rbm.
279 4194 537 4262 Konigsgeschichte
549 4194 592 4246 bei
606 4194 700 4246 Livius
750 4196 845 4261 genias
858 4211 909 4248 nur
921 4197 1084 4264 spottweise,
1102 4194 1153 4247 den
1166 4194 1313 4246 Beinamen

140 4263 302 4316 entstandcn
325 4265 373 4316 sei.
399 4294 433 4302 -
459 4265 497 4317 ad
520 4264 594 4316 tibio.
616 4262 700 4317 :ad
751 4265 853 4330 Pictor,
872 4264 920 4319 der
934 4267 1035 4332 J'edoch
1052 4269 1081 4321 in
1098 4263 1312 4316 seinerl'arnilie

140 4338 248 4385 cantum
266 4332 399 4400 tibicinis,
422 4350 472 4388 zur
494 4334 573 4388 Flete
598 4332 631 4386 de
648 4333 700 4400 leg.
750 4334 832 4390 blieb.
843 4362 874 4371 -
888 4334 997 4404 Polycl.
1011 4341 1037 4390 ct
1048 4332 1161 4399 Perrh,
1173 4332 1312 4402 Ktnstler,
