2746 5190
103 346 164 406 146
329 338 681 406 TUSCULANARUM
702 336 1056 405 DISPUTATIONUM

103 475 268 557 Sapientis
285 481 394 541 autern
410 476 537 542 animus
553 495 682 558 semper
695 480 790 541 vacat
805 474 893 556 vitia,
917 492 1094 556 numquam
1111 471 1286 555 turgescit,

101 580 278 642 numquam
300 566 419 643 tumet;
450 567 484 626 at
510 564 615 626 iratus
645 562 773 627 animus
797 562 866 625 eius
896 561 984 625 modi
1011 565 1073 625 est:
1104 576 1286 640 numquam

100 648 202 728 igitur
223 648 355 727 sapiens
378 648 540 712 irascitur.
585 648 669 712 Nam
692 648 721 712 si
743 648 910 726 irascitur,
941 647 1040 710 etiam
1063 644 1284 725 concupiscit;

99 733 268 813 proprium
292 738 341 797 est
358 734 443 797 enim
459 733 536 797 irati
552 752 684 814 cupere,
708 752 806 814 aquo
825 733 934 797 laesus
949 732 1112 809 videatur,
1139 730 1171 794 ei
1187 748 1285 811 quarn

99 837 285 882 maxumum
317 819 461 882 dolorem
492 820 638 899 inurere;
670 819 725 900 qui
756 823 865 882 autem
896 818 929 881 id
959 816 1178 896 concupierit,
1213 833 1285 879 eum

98 922 232 968 necesse
256 908 319 983 ost,
344 905 371 968 si
394 904 428 969 id
451 909 645 969 consecutus
669 906 726 983 sit,
748 923 864 984 magno
891 922 988 985 opere
1005 903 1138 966 laetari:
1164 920 1205 965 ex
1222 918 1284 983 quo

99 988 137 1053 fit
159 994 196 1052 ut
218 990 325 1053 alieno
349 991 434 1054 malo
452 991 608 1072 gaudeat3
632 990 886 1071 quodquoniam
909 1008 974 1053 non
991 989 1078 1052 cadit
1100 988 1135 1050 in
1152 988 1284 1068 sapien-

98 1079 177 1154 tem,
202 1094 243 1139 ne
266 1079 302 1138 ut
324 1077 487 1141 irascatur
510 1076 640 1156 quidem
664 1075 760 1139 cadit.
806 1075 863 1139 Sin
886 1081 995 1139 autem
1017 1074 1150 1137 caderet
1173 1074 1210 1137 in
1234 1091 1283 1137 sa-

97 1162 243 1241 pientem
259 1161 439 1241 aegritudo,
457 1162 588 1225 caderet
604 1162 703 1225 etiam
717 1161 900 1225 iracundia:
926 1180 990 1242 qua
1006 1161 1161 1241 quoniam
1177 1164 1282 1238 vacat,

97 1248 303 1328 aegritudine
327 1248 425 1311 etiam
448 1247 586 1311 vacabit.
631 1248 685 1315 2⁰.
715 1247 859 1326 Etenim,
885 1248 912 1311 si
929 1247 1060 1327 sapiens
1083 1247 1118 1310 in
1136 1247 1282 1327 aegritu·

98 1334 207 1398 dinem
229 1332 373 1397 incidere
396 1337 522 1413 posset,
553 1337 666 1414 posset
689 1334 788 1397 etiam
810 1333 844 1396 in
867 1332 1138 1411 misericordiam,
1169 1338 1282 1412 posset

97 1420 131 1483 in
154 1419 383 1482 invidentiam:
408 1436 472 1481 non
497 1418 563 1482 dixi
585 1419 791 1497 invidiam,
815 1438 898 1500 quae
920 1423 990 1482 tum
1013 1422 1076 1493 est,
1101 1437 1176 1482 cum
1198 1418 1282 1481 inri-

96 1504 207 1585 detnr;
231 1504 271 1568 ab
295 1503 509 1568 invidendo
532 1509 642 1568 autem
665 1505 889 1568 invidentia
911 1508 999 1568 reete
1017 1504 1080 1567 dici
1099 1509 1223 1585 potest,
1247 1506 1281 1567 ut

97 1589 290 1667 effugiamus
315 1589 501 1669 arnhiguum
533 1609 649 1653 nomen
673 1590 829 1669 invidiae,
862 1590 948 1670 quod
979 1589 1113 1653 verhum
1146 1590 1281 1653 ductum

98 1679 148 1739 est
171 1695 189 1737 a
213 1675 309 1739 nimis
333 1674 490 1738 intuendo
514 1674 678 1739 fortunam
702 1677 852 1755 alterius,
882 1679 918 1738 ut
942 1679 992 1739 est
1020 1677 1054 1738 in
1078 1675 1280 1756 Melanippo,

308 1758 464 1838 Quisnam
484 1759 593 1840 (lorcin
614 1760 748 1824 liberum
770 1759 887 1823 invidet
907 1758 1031 1823 rocam?

95 1845 181 1909 Male
204 1845 321 1909 Latine
343 1846 486 1924 videtur,
517 1847 575 1910 sed
597 1848 765 1927 praeclare
788 1847 922 1926 Aecius3
952 1852 988 1908 ut
1012 1847 1098 1910 enim
1128 1845 1278 1925 videre,

97 1931 142 1995 sic
173 1932 351 1995 invidere
382 1931 522 1995 florem
554 1934 675 1997 rectius
707 1952 803 2013 quam
835 1931 920 1996 flori:
951 1949 1010 1995 nos
1041 1932 1280 1996 consuetudine

96 2017 321 2096 prohibentium
338 2022 436 2098 poeta
449 2017 500 2081 ius
517 2037 611 2082 suum
623 2018 730 2082 tenuit
747 2023 779 2083 et
795 2018 877 2081 dixit
895 2018 1060 2081 audacius
1092 2017 1130 2080 X.
1155 2017 1200 2084 21.
1219 2016 1278 2081 Ca·

96 2102 145 2165 dit
167 2103 269 2182 igitur
291 2103 324 2165 in
349 2103 487 2166 eundem
511 2108 543 2168 et
574 2103 722 2168 misereri
750 2108 783 2167 et
811 2104 972 2182 invidere3
1003 2122 1078 2166 nam
1109 2103 1165 2183 qui
1190 2103 1279 2167 dolet

95 2188 193 2251 nehus
218 2189 357 2252 alicuius
374 2189 534 2265 adversis,
558 2190 644 2253 idem
667 2189 805 2252 alicuius
828 2189 927 2253 etiam
949 2189 1101 2253 secundis
1118 2188 1218 2267 dolet,
1242 2192 1279 2251 ut

94 2272 355 2353 Theophrastum,
394 2275 563 2339 interitum
602 2273 776 2355 deplorans
811 2273 1022 2339 Callisthenis
1057 2273 1181 2338 sodalis
1217 2273 1277 2353 sui,

94 2432 161 2483 hura
176 2430 273 2481 vorher
291 2430 322 2481 in
341 2435 448 2483 turmore
455 2447 463 2494 ;
480 2431 519 2483 IV
540 2431 657 2484 liutet

94 2500 123 2551 in
141 2499 221 2552 laude
240 2508 267 2551 et
285 2500 313 2552 in
332 2501 396 2553 vitio
421 2515 517 2552 nomen
535 2499 587 2552 hoc
607 2501 656 2564 sit;

94 2570 129 2621 ih.
138 2570 170 2619 it)
182 2583 240 2620 esse
253 2570 280 2620 in
292 2570 456 2635 opinione:
467 2570 612 2636 opinatam.
625 2596 656 2604 -

94 2644 133 2703 ot,
153 2656 185 2691 ru
203 2640 217 2699 ξ
238 2639 324 2688 11.-
343 2639 473 2690 videatur
492 2640 604 2706 scribi,
623 2654 657 2690 zu

93 2710 106 2762 I
125 2710 166 2760 od.
187 2737 218 2743 -
237 2708 367 2773 incarrere,
385 2708 513 2772 zuirinen,
532 2710 579 2761 mit
598 2709 656 2761 dem

93 2778 287 2844 Nebenhegritf
299 2778 346 2830 der
360 2776 509 2843 lleftigkeit
521 2795 546 2830 u.
559 2780 657 2846 langen

94 2849 200 2912 Daner3
220 2849 247 2898 in
266 2848 322 2900 Cat.
341 2848 367 2899 Il
386 2847 420 2898 20
439 2854 530 2900 tantus
548 2848 657 2901 illorum

92 2926 245 2983 temporum
264 2915 341 2969 dolor
359 2918 467 2969 inustus
486 2925 529 2970 est
547 2917 657 2971 civitati.

93 2987 149 3039 ner
159 2986 267 3051 Tropus
277 2988 312 3040 ist
321 2988 530 3053 hergenommen
542 3003 593 3040 von
605 2988 656 3039 den

93 3054 274 3109 Brandmalen
302 3056 349 3110 der
376 3057 490 3109 Sclaven
514 3077 543 3101 =
565 3063 657 3109 notam

92 3126 209 3190 inurere,
221 3126 335 3178 welches
348 3125 480 3179 ebenfalls
489 3126 601 3179 bildlieh
613 3139 656 3192 ge·

93 3194 209 3247 breucht
227 3195 301 3260 wind,
320 3198 367 3249 wie
387 3196 415 3248 in
434 3195 491 3247 Cat.
507 3195 520 3247 Ι
539 3195 572 3247 13
590 3208 659 3262 quae

94 3270 160 3316 nota-
172 3262 335 3317 domesticae
353 3264 529 3331 turpitudinis
547 3280 601 3317 non
619 3265 658 3316 in·

93 3332 235 3383 astaritae
248 3340 311 3385 tuae
324 3340 371 3386 est.
383 3362 416 3370 -
431 3332 506 3399 qnod
525 3332 659 3399 quoniam

93 3399 121 3451 ff.
140 3407 207 3452 statt
224 3416 278 3453 non
298 3411 388 3455 autem
406 3402 480 3455 cadit
500 3402 598 3456 hocin
617 3418 658 3456 sa·

93 3469 212 3536 pientem
222 3467 258 3536 a,
268 3470 317 3523 wie
330 3472 451 3524 nachher
463 3488 519 3538 qna
531 3473 658 3540 quoniam

93 3537 123 3590 ff.
142 3544 208 3591 stati
226 3545 254 3591 at
277 3540 418 3593 iracundia
441 3548 533 3607 vacat,
552 3542 658 3595 vacabit

93 3622 158 3673 ergo
179 3607 260 3659 etiarn
278 3609 455 3675 aegritudine.
486 3610 583 3663 Unter·
603 3610 658 3664 und

94 3676 265 3729 Schlusssatz
284 3678 321 3730 ist
342 3678 402 3730 hier
420 3678 504 3732 durch
524 3681 657 3746 qia-oniam

92 3746 194 3799 mittels
217 3748 295 3800 relat.
313 3746 489 3815 Verbindung
507 3765 540 3801 zu
558 3750 656 3803 Einem

94 3815 174 3869 Satze
198 3817 344 3883 vereinigt3
374 3831 408 3868 zu
432 3814 446 3882 ᾗ
467 3816 500 3869 14
528 3820 602 3885 Quae
628 3821 657 3873 in

93 3899 172 3952 quem
190 3900 216 3937 u.
235 3885 248 3938 1
267 3885 300 3937 12
318 3892 415 3938 autem.
436 3914 468 3922 —
486 3901 520 3940 ca
539 3904 593 3955 qno
615 3890 655 3955 fit,

92 3970 126 4008 zu
144 3954 158 4006 I
178 3954 219 4007 12.

136 4071 211 4140 §hd
238 4073 367 4141 Etenim,
387 4076 586 4142 entsprechend
609 4077 658 4130 der

91 4145 284 4211 urspriinglich
303 4144 483 4199 affirmativen
497 4144 657 4213 Bedeutung

92 4229 145 4266 von
165 4214 246 4278 caim,
263 4215 341 4267 leitet
360 4216 439 4268 einen
452 4230 541 4268 neuen
554 4214 656 4268 Beweis

92 4282 264 4350 ein=porro,
282 4291 434 4350 praeterea.
460 4283 496 4338 So
515 4285 553 4337 IV
564 4285 612 4351 403
632 4284 656 4338 V

91 4349 125 4402 45
143 4366 170 4403 u.
189 4357 214 4403 d.
226 4380 261 4390 -
268 4358 371 4418 possea
388 4354 480 4421 ctiam,
492 4370 526 4408 zu
538 4357 553 4418 ξ
565 4354 599 4409 14
615 4369 656 4408 re-

633 4604 648 4679 ἶ

709 2432 799 2500 cipiet.
816 2462 846 2469 —
861 2431 1140 2497 qnae-iactamur,
1159 2431 1278 2485 welches

710 2504 778 2555 auch
797 2518 849 2555 von
862 2502 987 2555 beneidet
1000 2500 1105 2554 werden
1125 2499 1277 2567 gebraucht

709 2573 783 2624 wind.
801 2601 835 2609 -—
848 2572 1018 2637 incidentia,
1031 2588 1083 2624 von
1097 2571 1152 2624 Cic.
1167 2586 1221 2623 neu
1233 2586 1276 2638 ge·

685 2672 688 2679 ·
709 2646 794 2698 bildet
806 2654 837 2696 ls.
851 2643 919 2695 auch
931 2644 967 2695 lV
981 2644 1031 2707 16),
1045 2657 1088 2693 um
1102 2642 1154 2694 den
1168 2642 1275 2694 activen

708 2713 814 2783 Begriff
831 2713 1007 2766 Scheelsuoht
1026 2727 1078 2764 von
1102 2713 1162 2765 dem
1188 2710 1273 2776 passi-

708 2802 774 2839 ven:
790 2784 816 2837 N
817 2783 860 2836 eid
872 2799 905 2834 zu
918 2779 1136 2835 unterscheiden.
1148 2809 1183 2817 —
1198 2781 1276 2834 ab-

710 2856 769 2910 dica'
785 2870 811 2906 u.
830 2852 951 2905 nachher
969 2850 1080 2904 verbum
1098 2851 1210 2904 ductum
1225 2857 1277 2918 est,

708 2942 742 2980 zu
757 2923 823 2977 118.
841 2950 874 2958 -
892 2921 1063 2990 omnipatrem,
1082 2922 1142 2975 weil
1160 2920 1277 2974 invidia

709 2994 811 3049 sowohl
829 2994 864 3046 im
877 2993 956 3044 activ.
976 2992 1015 3046 als
1031 2991 1066 3042 im
1078 2991 1179 3058 passiv.
1191 2991 1275 3044 Sinna

708 3064 856 3131 gebraucht
869 3061 943 3115 wind.
956 3091 990 3098 -
1001 3077 1019 3113 a
1030 3061 1116 3114 nimis
1126 3060 1275 3116 intuendo.

711 3135 788 3188 Nach
813 3133 872 3186 dem
895 3131 1086 3198 Aberglauben
1113 3131 1161 3184 der
1185 3134 1277 3199 Alter,

711 3205 791 3259 sowie
809 3204 880 3256 auch
898 3200 1014 3254 anderer
1032 3201 1141 3267 leker,
1163 3201 1279 3258 brachte

711 3286 921 3344 scheelerBlioh
939 3286 1000 3354 (eig.
1011 3284 1145 3338 fascinare
1163 3307 1194 3332 =
1213 3276 1279 3354 βα-

710 3357 842 3439 σκαίνω)
864 3373 924 3425 dem
937 3388 966 3426 so
980 3372 1180 3439 Angeblickten
1194 3374 1277 3431 Scha-

710 3446 770 3499 den.
784 3471 818 3481 -
835 3443 867 3494 in
881 3440 1059 3508 Melanippo,
1073 3444 1159 3495 einem
1175 3443 1278 3499 Stdcke

710 3513 866 3568 desAccius.
877 3511 1003 3564 DerVers
1011 3512 1097 3564 lautet
1104 3512 1148 3564 bei
1155 3512 1275 3568 Nonius:

708 3583 786 3637 Unde
797 3588 844 3634 aut
853 3581 913 3646 quis
923 3581 1045 3633 mortalis
1056 3578 1151 3633 florem
1159 3583 1278 3637 libertam

708 3652 805 3705 invidit
827 3652 923 3702 metm.
954 3679 984 3687 -
1013 3649 1085 3702 male
1108 3649 1216 3704 Latine
1240 3669 1277 3707 se.

709 3721 823 3786 dietum,
843 3719 908 3771 oder
926 3719 1036 3772 dixisse.
1063 3748 1097 3757 -
1122 3720 1170 3773 ias
1193 3738 1278 3777 saram

708 3790 799 3843 tenuit
819 3809 848 3834 =
866 3805 916 3856 pro
934 3804 982 3842 suo
996 3788 1055 3842 iure
1068 3789 1130 3856 egit,
1148 3791 1277 3846 bediente

711 3861 769 3914 sich
794 3860 883 3912 seines
907 3857 1033 3911 Rechtes.
1061 3886 1095 3894 -
1121 3860 1277 3928 audacias,

711 3929 776 3983 oder
788 3928 929 3981 vielmehr:
948 3943 976 3981 ee
989 3944 1043 3981 war
1055 3945 1088 3981 zu
1101 3931 1202 3984 Accius
1215 3932 1276 3986 Zei-

709 4005 756 4051 ten
780 4013 810 4051 so
829 3996 1009 4064 gewdhnlich‚
1033 3999 1083 4051 wie
1107 4004 1202 4065 sp'ater
1228 4001 1276 4054 der

708 4068 790 4120 Datin
808 4066 856 4118 der
875 4066 974 4134 Socha,
998 4066 1046 4119 der
1063 4068 1153 4120 niehts
1172 4070 1273 4139 ociter,

708 4137 749 4190 als
768 4137 812 4188 ein
831 4136 912 4188 Dativ
930 4137 1091 4190 incommodi
1110 4139 1154 4190 ist.

742 4206 776 4258 X.
804 4202 819 4272 ξ
834 4205 875 4257 21.
906 4204 1128 4272 Theophrastum
1143 4210 1187 4272 (zu
1199 4206 1275 4275 145),

707 4289 833 4357 beklagte
860 4291 888 4343 in
916 4292 1006 4344 seiner
1033 4292 1135 4345 Schrilt
1152 4278 1276 4339 Katta-

708 4357 823 4437 σθένης
851 4354 870 4436 ἢ
898 4363 971 4444 περὶ
1006 4360 1146 4435 πένθους
1179 4364 1274 4416 seinen
