<?xml version="1.0" encoding="UTF-8"?>
<!DOCTYPE html PUBLIC "-//W3C//DTD XHTML 1.0 Transitional//EN"
    "http://www.w3.org/TR/xhtml1/DTD/xhtml1-transitional.dtd">
<html xmlns="http://www.w3.org/1999/xhtml" xml:lang="en" lang="en">
 <head>
  <title>
</title>
<meta http-equiv="Content-Type" content="text/html;charset=utf-8" />
  <meta name='ocr-system' content='tesseract 3.04.00' />
  <meta name='ocr-capabilities' content='ocr_page ocr_carea ocr_par ocr_line ocrx_word'/>
</head>
<body>
  <div class='ocr_page' id='page_1' title='image "./mtulliiciceroni45cicegoog/mtulliiciceroni45cicegoog_0056.png"; bbox 0 0 2746 5190; ppageno 0'>
   <div class='ocr_carea' id='block_1_1' title="bbox 440 725 1234 807">
    <p class='ocr_par' dir='ltr' id='par_1_1' title="bbox 440 725 1234 807">
     <span class='ocr_line' id='line_1_1' title="bbox 440 725 1234 807; baseline 0.003 -19"><span class='ocrx_word' id='word_1_1' title='bbox 440 725 606 789; x_wconf 81' lang='lat' dir='ltr'>nrannr</span> <span class='ocrx_word' id='word_1_2' title='bbox 640 725 657 807; x_wconf 73' lang='lat' dir='ltr'>s</span> <span class='ocrx_word' id='word_1_3' title='bbox 682 731 830 789; x_wconf 49' lang='lat' dir='ltr'>arr-ar.</span> <span class='ocrx_word' id='word_1_4' title='bbox 1197 732 1234 790; x_wconf 87' lang='lat'>31</span> 
     </span>
    </p>
   </div>
   <div class='ocr_carea' id='block_1_2' title="bbox 52 854 1294 2483">
    <p class='ocr_par' dir='ltr' id='par_1_2' title="bbox 54 854 1294 1794">
     <span class='ocr_line' id='line_1_2' title="bbox 70 854 1240 942; baseline 0.001 -19"><span class='ocrx_word' id='word_1_5' title='bbox 70 854 145 899; x_wconf 64' lang='lat'>3⁴:</span> <span class='ocrx_word' id='word_1_6' title='bbox 164 857 248 923; x_wconf 87' lang='lat' dir='ltr'>XVI.</span> <span class='ocrx_word' id='word_1_7' title='bbox 287 857 343 926; x_wconf 83' lang='lat'>36.</span> <span class='ocrx_word' id='word_1_8' title='bbox 375 857 440 923; x_wconf 83' lang='lat' dir='ltr'>Sed</span> <span class='ocrx_word' id='word_1_9' title='bbox 461 864 498 923; x_wconf 93' lang='lat' dir='ltr'>ut</span> <span class='ocrx_word' id='word_1_10' title='bbox 522 861 599 924; x_wconf 91' lang='lat' dir='ltr'>deos</span> <span class='ocrx_word' id='word_1_11' title='bbox 616 878 688 924; x_wconf 91' lang='lat' dir='ltr'>esse</span> <span class='ocrx_word' id='word_1_12' title='bbox 704 867 822 925; x_wconf 89' lang='lat' dir='ltr'>natura</span> <span class='ocrx_word' id='word_1_13' title='bbox 842 862 1028 941; x_wconf 76' lang='lat' dir='ltr'>opinamur,</span> <span class='ocrx_word' id='word_1_14' title='bbox 1061 863 1240 942; x_wconf 73' lang='lat' dir='ltr'>qualesque</span> 
     </span>
     <span class='ocr_line' id='line_1_3' title="bbox 57 944 1240 1026; baseline 0 -17"><span class='ocrx_word' id='word_1_15' title='bbox 57 944 125 1009; x_wconf 87' lang='lat' dir='ltr'>sint</span> <span class='ocrx_word' id='word_1_16' title='bbox 140 944 269 1007; x_wconf 88' lang='lat' dir='ltr'>ratione</span> <span class='ocrx_word' id='word_1_17' title='bbox 286 945 520 1024; x_wconf 75' lang='lat' dir='ltr'>cognoscimus</span> <span class='ocrx_word' id='word_1_18' title='bbox 542 946 588 1009; x_wconf 89' lang='lat' dir='ltr'>sic</span> <span class='ocrx_word' id='word_1_19' title='bbox 604 965 794 1026; x_wconf 88' lang='lat' dir='ltr'>permanere</span> <span class='ocrx_word' id='word_1_20' title='bbox 810 948 936 1010; x_wconf 89' lang='lat' dir='ltr'>animos</span> <span class='ocrx_word' id='word_1_21' title='bbox 952 947 1151 1010; x_wconf 83' lang='lat' dir='ltr'>arbitramur</span> <span class='ocrx_word' id='word_1_22' title='bbox 1165 966 1240 1011; x_wconf 93' lang='lat' dir='ltr'>con-</span> 
     </span>
     <span class='ocr_line' id='line_1_4' title="bbox 56 1029 1240 1113; baseline 0 -18"><span class='ocrx_word' id='word_1_23' title='bbox 56 1049 158 1095; x_wconf 91' lang='lat' dir='ltr'>sensu</span> <span class='ocrx_word' id='word_1_24' title='bbox 188 1029 359 1093; x_wconf 91' lang='lat' dir='ltr'>nationum</span> <span class='ocrx_word' id='word_1_25' title='bbox 389 1032 549 1111; x_wconf 88' lang='lat' dir='ltr'>omnium;</span> <span class='ocrx_word' id='word_1_26' title='bbox 581 1050 653 1111; x_wconf 89' lang='lat' dir='ltr'>qua</span> <span class='ocrx_word' id='word_1_27' title='bbox 686 1032 727 1095; x_wconf 95' lang='lat' dir='ltr'>in</span> <span class='ocrx_word' id='word_1_28' title='bbox 759 1032 849 1096; x_wconf 91' lang='lat' dir='ltr'>sede</span> <span class='ocrx_word' id='word_1_29' title='bbox 872 1037 1056 1096; x_wconf 85' lang='lat' dir='ltr'>maneant</span> <span class='ocrx_word' id='word_1_30' title='bbox 1084 1033 1240 1113; x_wconf 90' lang='lat' dir='ltr'>quales-</span> 
     </span>
     <span class='ocr_line' id='line_1_5' title="bbox 57 1115 1241 1198; baseline 0.002 -19"><span class='ocrx_word' id='word_1_31' title='bbox 57 1134 130 1197; x_wconf 88' lang='lat' dir='ltr'>que</span> <span class='ocrx_word' id='word_1_32' title='bbox 155 1117 237 1180; x_wconf 91' lang='lat' dir='ltr'>sint</span> <span class='ocrx_word' id='word_1_33' title='bbox 260 1115 416 1179; x_wconf 88' lang='lat' dir='ltr'>ratione</span> <span class='ocrx_word' id='word_1_34' title='bbox 440 1116 666 1180; x_wconf 92' lang='lat' dir='ltr'>discendum</span> <span class='ocrx_word' id='word_1_35' title='bbox 690 1123 764 1181; x_wconf 90' lang='lat' dir='ltr'>est:</span> <span class='ocrx_word' id='word_1_36' title='bbox 789 1119 881 1181; x_wconf 90' lang='lat' dir='ltr'>cuius</span> <span class='ocrx_word' id='word_1_37' title='bbox 897 1118 1059 1198; x_wconf 81' lang='lat' dir='ltr'>ignoratio</span> <span class='ocrx_word' id='word_1_38' title='bbox 1076 1117 1169 1181; x_wconf 82' lang='lat' dir='ltr'>finxit</span> <span class='ocrx_word' id='word_1_39' title='bbox 1192 1119 1241 1181; x_wconf 92' lang='lat' dir='ltr'>in-</span> 
     </span>
     <span class='ocr_line' id='line_1_6' title="bbox 55 1199 1241 1282; baseline 0.001 -17"><span class='ocrx_word' id='word_1_40' title='bbox 55 1202 145 1266; x_wconf 88' lang='lat' dir='ltr'>feros</span> <span class='ocrx_word' id='word_1_41' title='bbox 169 1219 290 1281; x_wconf 88' lang='lat' dir='ltr'>easque</span> <span class='ocrx_word' id='word_1_42' title='bbox 313 1199 518 1280; x_wconf 87' lang='lat' dir='ltr'>formidines,</span> <span class='ocrx_word' id='word_1_43' title='bbox 550 1221 631 1282; x_wconf 88' lang='lat' dir='ltr'>quas</span> <span class='ocrx_word' id='word_1_44' title='bbox 658 1208 695 1266; x_wconf 91' lang='lat' dir='ltr'>tu</span> <span class='ocrx_word' id='word_1_45' title='bbox 720 1208 927 1267; x_wconf 80' lang='lat' dir='ltr'>contemnere</span> <span class='ocrx_word' id='word_1_46' title='bbox 954 1222 1019 1266; x_wconf 95' lang='lat' dir='ltr'>non</span> <span class='ocrx_word' id='word_1_47' title='bbox 1049 1203 1119 1267; x_wconf 91' lang='lat' dir='ltr'>sine</span> <span class='ocrx_word' id='word_1_48' title='bbox 1142 1222 1241 1267; x_wconf 92' lang='lat' dir='ltr'>causa</span> 
     </span>
     <span class='ocr_line' id='line_1_7' title="bbox 55 1286 1240 1369; baseline 0.001 -18"><span class='ocrx_word' id='word_1_49' title='bbox 55 1286 222 1352; x_wconf 86' lang='lat' dir='ltr'>videbare.</span> <span class='ocrx_word' id='word_1_50' title='bbox 269 1286 307 1349; x_wconf 91' lang='lat' dir='ltr'>In</span> <span class='ocrx_word' id='word_1_51' title='bbox 328 1291 449 1350; x_wconf 83' lang='lat' dir='ltr'>terrain</span> <span class='ocrx_word' id='word_1_52' title='bbox 476 1287 563 1351; x_wconf 90' lang='lat' dir='ltr'>enim</span> <span class='ocrx_word' id='word_1_53' title='bbox 584 1288 776 1352; x_wconf 89' lang='lat' dir='ltr'>cadentibus</span> <span class='ocrx_word' id='word_1_54' title='bbox 797 1289 988 1368; x_wconf 84' lang='lat' dir='ltr'>corporibus</span> <span class='ocrx_word' id='word_1_55' title='bbox 1014 1289 1120 1369; x_wconf 89' lang='lat' dir='ltr'>iisqne</span> <span class='ocrx_word' id='word_1_56' title='bbox 1143 1290 1240 1352; x_wconf 90' lang='lat' dir='ltr'>humo</span> 
     </span>
     <span class='ocr_line' id='line_1_8' title="bbox 54 1372 1241 1455; baseline 0.001 -19"><span class='ocrx_word' id='word_1_57' title='bbox 54 1373 165 1451; x_wconf 89' lang='lat' dir='ltr'>tectis,</span> <span class='ocrx_word' id='word_1_58' title='bbox 190 1392 207 1437; x_wconf 91' lang='lat' dir='ltr'>e</span> <span class='ocrx_word' id='word_1_59' title='bbox 224 1390 287 1453; x_wconf 94' lang='lat' dir='ltr'>quo</span> <span class='ocrx_word' id='word_1_60' title='bbox 305 1372 428 1435; x_wconf 90' lang='lat' dir='ltr'>dictum</span> <span class='ocrx_word' id='word_1_61' title='bbox 445 1378 494 1436; x_wconf 88' lang='lat' dir='ltr'>est</span> <span class='ocrx_word' id='word_1_62' title='bbox 516 1373 681 1451; x_wconf 91' lang='lat' dir='ltr'>humari,</span> <span class='ocrx_word' id='word_1_63' title='bbox 706 1374 870 1438; x_wconf 89' lang='lat' dir='ltr'>subterra</span> <span class='ocrx_word' id='word_1_64' title='bbox 887 1375 1065 1438; x_wconf 86' lang='lat' dir='ltr'>censebant</span> <span class='ocrx_word' id='word_1_65' title='bbox 1080 1375 1241 1455; x_wconf 89' lang='lat' dir='ltr'>reliquam</span> 
     </span>
     <span class='ocr_line' id='line_1_9' title="bbox 55 1457 1240 1541; baseline 0.001 -20"><span class='ocrx_word' id='word_1_66' title='bbox 55 1458 125 1522; x_wconf 90' lang='lat' dir='ltr'>vita</span> <span class='ocrx_word' id='word_1_67' title='bbox 186 1458 240 1539; x_wconf 80' lang='lat' dir='ltr'>agi</span> <span class='ocrx_word' id='word_1_68' title='bbox 260 1461 471 1541; x_wconf 77' lang='lat' dir='ltr'>mortuorum.</span> <span class='ocrx_word' id='word_1_69' title='bbox 508 1457 611 1534; x_wconf 83' lang='lat' dir='ltr'>Quam</span> <span class='ocrx_word' id='word_1_70' title='bbox 635 1478 745 1522; x_wconf 91' lang='lat' dir='ltr'>eorum</span> <span class='ocrx_word' id='word_1_71' title='bbox 772 1460 957 1540; x_wconf 91' lang='lat' dir='ltr'>opinionem</span> <span class='ocrx_word' id='word_1_72' title='bbox 980 1461 1090 1540; x_wconf 91' lang='lat' dir='ltr'>magni</span> <span class='ocrx_word' id='word_1_73' title='bbox 1114 1478 1240 1524; x_wconf 86' lang='lat' dir='ltr'>errores</span> 
     </span>
     <span class='ocr_line' id='line_1_10' title="bbox 55 1528 1294 1626; baseline 0 -19"><span class='ocrx_word' id='word_1_74' title='bbox 55 1562 117 1609; x_wconf 93' lang='lat' dir='ltr'>con</span> <span class='ocrx_word' id='word_1_75' title='bbox 152 1528 327 1621; x_wconf 57' lang='lat' dir='ltr'>dhissum,</span> <span class='ocrx_word' id='word_1_76' title='bbox 352 1562 432 1624; x_wconf 91' lang='lat' dir='ltr'>quos</span> <span class='ocrx_word' id='word_1_77' title='bbox 448 1548 609 1607; x_wconf 85' lang='lat' dir='ltr'>auxerunt</span> <span class='ocrx_word' id='word_1_78' title='bbox 624 1549 751 1625; x_wconf 70' lang='lat' dir='ltr'>poetae.</span> <span class='ocrx_word' id='word_1_79' title='bbox 785 1545 839 1613; x_wconf 84' lang='lat'>37.</span> <span class='ocrx_word' id='word_1_80' title='bbox 864 1545 1031 1626; x_wconf 86' lang='lat' dir='ltr'>Frequens</span> <span class='ocrx_word' id='word_1_81' title='bbox 1055 1546 1141 1609; x_wconf 89' lang='lat' dir='ltr'>enim</span> <span class='ocrx_word' id='word_1_82' title='bbox 1165 1564 1240 1609; x_wconf 91' lang='lat' dir='ltr'>con·</span> <span class='ocrx_word' id='word_1_83' title='bbox 1283 1580 1294 1605; x_wconf 61' lang='grc' dir='ltr'>ι</span> 
     </span>
     <span class='ocr_line' id='line_1_11' title="bbox 56 1629 1240 1711; baseline 0 -18"><span class='ocrx_word' id='word_1_84' title='bbox 56 1647 170 1693; x_wconf 88' lang='lat' dir='ltr'>sessus</span> <span class='ocrx_word' id='word_1_85' title='bbox 200 1629 339 1707; x_wconf 87' lang='lat' dir='ltr'>theatri,</span> <span class='ocrx_word' id='word_1_86' title='bbox 374 1629 409 1692; x_wconf 90' lang='lat' dir='ltr'>in</span> <span class='ocrx_word' id='word_1_87' title='bbox 440 1648 503 1709; x_wconf 91' lang='lat' dir='ltr'>quo</span> <span class='ocrx_word' id='word_1_88' title='bbox 536 1633 613 1692; x_wconf 92' lang='lat' dir='ltr'>sunt</span> <span class='ocrx_word' id='word_1_89' title='bbox 641 1630 854 1694; x_wconf 81' lang='lat' dir='ltr'>mulierculae</span> <span class='ocrx_word' id='word_1_90' title='bbox 884 1636 917 1694; x_wconf 92' lang='lat' dir='ltr'>et</span> <span class='ocrx_word' id='word_1_91' title='bbox 946 1631 1055 1711; x_wconf 87' lang='lat' dir='ltr'>pueri,</span> <span class='ocrx_word' id='word_1_92' title='bbox 1091 1635 1240 1695; x_wconf 86' lang='lat' dir='ltr'>movetur</span> 
     </span>
     <span class='ocr_line' id='line_1_12' title="bbox 58 1714 609 1794; baseline 0 -16"><span class='ocrx_word' id='word_1_93' title='bbox 58 1715 201 1779; x_wconf 87' lang='lat' dir='ltr'>audiens</span> <span class='ocrx_word' id='word_1_94' title='bbox 223 1720 291 1778; x_wconf 91' lang='lat' dir='ltr'>tam</span> <span class='ocrx_word' id='word_1_95' title='bbox 315 1714 439 1794; x_wconf 83' lang='lat' dir='ltr'>grande</span> <span class='ocrx_word' id='word_1_96' title='bbox 463 1734 609 1778; x_wconf 91' lang='lat' dir='ltr'>carmen:</span> 
     </span>
    </p>

    <p class='ocr_par' dir='ltr' id='par_1_3' title="bbox 144 1799 1220 1880">
     <span class='ocr_line' id='line_1_13' title="bbox 144 1799 1220 1880; baseline 0.001 -17"><span class='ocrx_word' id='word_1_97' title='bbox 144 1799 281 1863; x_wconf 77' lang='lat' dir='ltr'>&#39;Adsunt</span> <span class='ocrx_word' id='word_1_98' title='bbox 303 1803 397 1879; x_wconf 82' lang='lat' dir='ltr'>etque</span> <span class='ocrx_word' id='word_1_99' title='bbox 418 1799 550 1863; x_wconf 80' lang='lat' dir='ltr'>advenio</span> <span class='ocrx_word' id='word_1_100' title='bbox 567 1799 757 1864; x_wconf 80' lang='lat' dir='ltr'>‘Acheronte</span> <span class='ocrx_word' id='word_1_101' title='bbox 770 1801 824 1863; x_wconf 77' lang='lat' dir='ltr'>ola</span> <span class='ocrx_word' id='word_1_102' title='bbox 838 1801 892 1864; x_wconf 77' lang='lat' dir='ltr'>oio</span> <span class='ocrx_word' id='word_1_103' title='bbox 911 1799 987 1878; x_wconf 88' lang='lat' dir='ltr'>olto,</span> <span class='ocrx_word' id='word_1_104' title='bbox 1000 1804 1093 1880; x_wconf 80' lang='lat' dir='ltr'>alque</span> <span class='ocrx_word' id='word_1_105' title='bbox 1113 1799 1220 1864; x_wconf 72' lang='lat' dir='ltr'>ardna</span> 
     </span>
    </p>

    <p class='ocr_par' dir='ltr' id='par_1_4' title="bbox 144 1883 1070 1965">
     <span class='ocr_line' id='line_1_14' title="bbox 144 1883 1070 1965; baseline 0.002 -18"><span class='ocrx_word' id='word_1_106' title='bbox 144 1883 211 1948; x_wconf 78' lang='lat' dir='ltr'>Per</span> <span class='ocrx_word' id='word_1_107' title='bbox 231 1884 401 1965; x_wconf 81' lang='lat' dir='ltr'>speluncas</span> <span class='ocrx_word' id='word_1_108' title='bbox 423 1884 675 1949; x_wconf 67' lang='lat' dir='ltr'>recessundus</span> <span class='ocrx_word' id='word_1_109' title='bbox 698 1885 829 1965; x_wconf 73' lang='lat' dir='ltr'>asperis,</span> <span class='ocrx_word' id='word_1_110' title='bbox 850 1886 1070 1965; x_wconf 75' lang='lat' dir='ltr'>pendentibus,</span> 
     </span>
    </p>

    <p class='ocr_par' dir='ltr' id='par_1_5' title="bbox 52 1970 1238 2483">
     <span class='ocr_line' id='line_1_15' title="bbox 142 1970 1140 2055; baseline -0.001 -20"><span class='ocrx_word' id='word_1_111' title='bbox 142 1970 328 2049; x_wconf 66' lang='lat' dir='ltr'>Macoraba,</span> <span class='ocrx_word' id='word_1_112' title='bbox 349 1970 405 2034; x_wconf 81' lang='lat' dir='ltr'>abi</span> <span class='ocrx_word' id='word_1_113' title='bbox 426 1970 535 2052; x_wconf 74' lang='lat' dir='ltr'>cipido</span> <span class='ocrx_word' id='word_1_114' title='bbox 558 1975 682 2035; x_wconf 82' lang='lat' dir='ltr'>coastat</span> <span class='ocrx_word' id='word_1_115' title='bbox 703 1971 940 2055; x_wconf 64' lang='lat' dir='ltr'>crdepopolipo</span> <span class='ocrx_word' id='word_1_116' title='bbox 962 1971 1140 2053; x_wconf 62' lang='lat' dir='ltr'>desertina·¹</span> 
     </span>
     <span class='ocr_line' id='line_1_16' title="bbox 53 2056 1238 2139; baseline 0.001 -19"><span class='ocrx_word' id='word_1_117' title='bbox 53 2061 252 2139; x_wconf 87' lang='lat' dir='ltr'>tantumque</span> <span class='ocrx_word' id='word_1_118' title='bbox 274 2057 378 2121; x_wconf 88' lang='lat' dir='ltr'>valuit</span> <span class='ocrx_word' id='word_1_119' title='bbox 400 2076 498 2136; x_wconf 88' lang='lat' dir='ltr'>error,</span> <span class='ocrx_word' id='word_1_120' title='bbox 524 2058 579 2138; x_wconf 91' lang='lat' dir='ltr'>qui</span> <span class='ocrx_word' id='word_1_121' title='bbox 601 2058 681 2121; x_wconf 92' lang='lat' dir='ltr'>mihi</span> <span class='ocrx_word' id='word_1_122' title='bbox 701 2056 833 2139; x_wconf 90' lang='lat' dir='ltr'>quidem</span> <span class='ocrx_word' id='word_1_123' title='bbox 848 2058 914 2121; x_wconf 89' lang='lat' dir='ltr'>iam</span> <span class='ocrx_word' id='word_1_124' title='bbox 930 2058 1080 2122; x_wconf 86' lang='lat' dir='ltr'>sublatus</span> <span class='ocrx_word' id='word_1_125' title='bbox 1098 2056 1238 2137; x_wconf 85' lang='lat' dir='ltr'>uidetur,</span> 
     </span>
     <span class='ocr_line' id='line_1_17' title="bbox 54 2143 1238 2224; baseline 0.002 -19"><span class='ocrx_word' id='word_1_126' title='bbox 54 2147 106 2220; x_wconf 91' lang='lat' dir='ltr'>ut,</span> <span class='ocrx_word' id='word_1_127' title='bbox 132 2161 270 2224; x_wconf 89' lang='lat' dir='ltr'>corpora</span> <span class='ocrx_word' id='word_1_128' title='bbox 292 2146 434 2206; x_wconf 91' lang='lat' dir='ltr'>cremata</span> <span class='ocrx_word' id='word_1_129' title='bbox 458 2160 530 2206; x_wconf 88' lang='lat' dir='ltr'>curn</span> <span class='ocrx_word' id='word_1_130' title='bbox 554 2144 688 2222; x_wconf 89' lang='lat' dir='ltr'>scirent,</span> <span class='ocrx_word' id='word_1_131' title='bbox 712 2149 822 2208; x_wconf 88' lang='lat' dir='ltr'>tamen</span> <span class='ocrx_word' id='word_1_132' title='bbox 851 2163 889 2208; x_wconf 91' lang='lat' dir='ltr'>ea</span> <span class='ocrx_word' id='word_1_133' title='bbox 912 2143 982 2208; x_wconf 91' lang='lat' dir='ltr'>fieri</span> <span class='ocrx_word' id='word_1_134' title='bbox 1006 2143 1093 2224; x_wconf 90' lang='lat' dir='ltr'>apud</span> <span class='ocrx_word' id='word_1_135' title='bbox 1115 2143 1238 2207; x_wconf 87' lang='lat' dir='ltr'>inferos</span> 
     </span>
     <span class='ocr_line' id='line_1_18' title="bbox 52 2226 1237 2310; baseline -0.001 -17"><span class='ocrx_word' id='word_1_136' title='bbox 52 2226 233 2310; x_wconf 88' lang='lat' dir='ltr'>fingerent,</span> <span class='ocrx_word' id='word_1_137' title='bbox 257 2246 340 2309; x_wconf 88' lang='lat' dir='ltr'>quae</span> <span class='ocrx_word' id='word_1_138' title='bbox 364 2229 435 2292; x_wconf 92' lang='lat' dir='ltr'>sine</span> <span class='ocrx_word' id='word_1_139' title='bbox 458 2229 648 2308; x_wconf 83' lang='lat' dir='ltr'>corporibus</span> <span class='ocrx_word' id='word_1_140' title='bbox 671 2248 730 2293; x_wconf 89' lang='lat' dir='ltr'>nec</span> <span class='ocrx_word' id='word_1_141' title='bbox 752 2227 823 2293; x_wconf 92' lang='lat' dir='ltr'>fieri</span> <span class='ocrx_word' id='word_1_142' title='bbox 839 2235 975 2310; x_wconf 88' lang='lat' dir='ltr'>possent</span> <span class='ocrx_word' id='word_1_143' title='bbox 996 2248 1055 2293; x_wconf 90' lang='lat' dir='ltr'>nec</span> <span class='ocrx_word' id='word_1_144' title='bbox 1077 2230 1237 2310; x_wconf 80' lang='lat' dir='ltr'>intellegi.</span> 
     </span>
     <span class='ocr_line' id='line_1_19' title="bbox 53 2315 1238 2395; baseline -0.001 -17"><span class='ocrx_word' id='word_1_145' title='bbox 53 2315 191 2378; x_wconf 85' lang='lat' dir='ltr'>Animos</span> <span class='ocrx_word' id='word_1_146' title='bbox 221 2315 307 2378; x_wconf 89' lang='lat' dir='ltr'>enim</span> <span class='ocrx_word' id='word_1_147' title='bbox 329 2333 388 2394; x_wconf 92' lang='lat' dir='ltr'>per</span> <span class='ocrx_word' id='word_1_148' title='bbox 414 2332 448 2377; x_wconf 87' lang='lat' dir='ltr'>se</span> <span class='ocrx_word' id='word_1_149' title='bbox 472 2315 561 2394; x_wconf 92' lang='lat' dir='ltr'>ipsos</span> <span class='ocrx_word' id='word_1_150' title='bbox 589 2315 729 2379; x_wconf 86' lang='lat' dir='ltr'>viventis</span> <span class='ocrx_word' id='word_1_151' title='bbox 757 2334 822 2378; x_wconf 95' lang='lat' dir='ltr'>non</span> <span class='ocrx_word' id='word_1_152' title='bbox 845 2319 999 2395; x_wconf 88' lang='lat' dir='ltr'>poterant</span> <span class='ocrx_word' id='word_1_153' title='bbox 1020 2319 1129 2380; x_wconf 89' lang='lat' dir='ltr'>mente</span> <span class='ocrx_word' id='word_1_154' title='bbox 1152 2333 1238 2378; x_wconf 91' lang='lat' dir='ltr'>com-</span> 
     </span>
     <span class='ocr_line' id='line_1_20' title="bbox 52 2398 1237 2483; baseline -0.001 -19"><span class='ocrx_word' id='word_1_155' title='bbox 52 2401 166 2483; x_wconf 87' lang='lat' dir='ltr'>plecti,</span> <span class='ocrx_word' id='word_1_156' title='bbox 190 2398 326 2464; x_wconf 85' lang='lat' dir='ltr'>formam</span> <span class='ocrx_word' id='word_1_157' title='bbox 349 2399 493 2480; x_wconf 92' lang='lat' dir='ltr'>aliquam</span> <span class='ocrx_word' id='word_1_158' title='bbox 516 2398 718 2482; x_wconf 90' lang='lat' dir='ltr'>figuramque</span> <span class='ocrx_word' id='word_1_159' title='bbox 745 2401 956 2482; x_wconf 90' lang='lat' dir='ltr'>quaerebant.</span> <span class='ocrx_word' id='word_1_160' title='bbox 999 2400 1080 2464; x_wconf 92' lang='lat' dir='ltr'>Inde</span> <span class='ocrx_word' id='word_1_161' title='bbox 1102 2400 1237 2464; x_wconf 88' lang='lat' dir='ltr'>Homeri</span> 
     </span>
    </p>
   </div>
   <div class='ocr_carea' id='block_1_3' title="bbox 52 2572 1238 3199">
    <p class='ocr_par' dir='ltr' id='par_1_6' title="bbox 52 2572 1238 2920">
     <span class='ocr_line' id='line_1_21' title="bbox 52 2572 1236 2644; baseline -0.003 -15"><span class='ocrx_word' id='word_1_162' title='bbox 52 2590 165 2644; x_wconf 81' lang='lat' dir='ltr'>vermag</span> <span class='ocrx_word' id='word_1_163' title='bbox 184 2576 266 2629; x_wconf 85' lang='lat' dir='ltr'>allein</span> <span class='ocrx_word' id='word_1_164' title='bbox 285 2573 334 2627; x_wconf 86' lang='lat' dir='ltr'>der</span> <span class='ocrx_word' id='word_1_165' title='bbox 351 2573 556 2642; x_wconf 89' lang='lat' dir='ltr'>philosophlsch</span> <span class='ocrx_word' id='word_1_166' title='bbox 574 2591 619 2642; x_wconf 85' lang='lat' dir='ltr'>ge·</span> <span class='ocrx_word' id='word_1_167' title='bbox 671 2574 809 2628; x_wconf 82' lang='lat' dir='ltr'>Gemr&#39;iths.</span> <span class='ocrx_word' id='word_1_168' title='bbox 825 2579 928 2627; x_wconf 83' lang='lat' dir='ltr'>—tem</span> <span class='ocrx_word' id='word_1_169' title='bbox 945 2572 1054 2642; x_wconf 73' lang='lat' dir='ltr'>pronde</span> <span class='ocrx_word' id='word_1_170' title='bbox 1072 2589 1193 2639; x_wconf 81' lang='lat' dir='ltr'>carroco,</span> <span class='ocrx_word' id='word_1_171' title='bbox 1206 2587 1236 2626; x_wconf 89' lang='lat' dir='ltr'>so</span> 
     </span>
     <span class='ocr_line' id='line_1_22' title="bbox 53 2643 1238 2701; baseline -0.003 -1"><span class='ocrx_word' id='word_1_172' title='bbox 53 2647 157 2701; x_wconf 89' lang='lat' dir='ltr'>bildcte</span> <span class='ocrx_word' id='word_1_173' title='bbox 177 2645 261 2698; x_wconf 86' lang='lat' dir='ltr'>Geist.</span> <span class='ocrx_word' id='word_1_174' title='bbox 288 2643 450 2696; x_wconf 85' lang='lat' dir='ltr'>Verdienste</span> <span class='ocrx_word' id='word_1_175' title='bbox 468 2645 516 2697; x_wconf 91' lang='lat' dir='ltr'>der</span> <span class='ocrx_word' id='word_1_176' title='bbox 528 2645 617 2699; x_wconf 89' lang='lat' dir='ltr'>Philo·</span> <span class='ocrx_word' id='word_1_177' title='bbox 672 2644 862 2698; x_wconf 81' lang='lat' dir='ltr'>hochtbnende</span> <span class='ocrx_word' id='word_1_178' title='bbox 875 2645 967 2697; x_wconf 82' lang='lat' dir='ltr'>Versa</span> <span class='ocrx_word' id='word_1_179' title='bbox 995 2644 1116 2697; x_wconf 83' lang='lat' dir='ltr'>Beachte</span> <span class='ocrx_word' id='word_1_180' title='bbox 1133 2645 1161 2696; x_wconf 93' lang='lat' dir='ltr'>in</span> <span class='ocrx_word' id='word_1_181' title='bbox 1174 2644 1238 2697; x_wconf 91' lang='lat' dir='ltr'>den·</span> 
     </span>
     <span class='ocr_line' id='line_1_23' title="bbox 53 2711 1237 2783; baseline -0.004 -12"><span class='ocrx_word' id='word_1_182' title='bbox 53 2711 618 2783; x_wconf 69' lang='lat' dir='ltr'>sophenPherelrydesPythagoras,Plato</span> <span class='ocrx_word' id='word_1_183' title='bbox 670 2716 763 2768; x_wconf 87' lang='lat' dir='ltr'>selben</span> <span class='ocrx_word' id='word_1_184' title='bbox 791 2715 840 2767; x_wconf 90' lang='lat' dir='ltr'>das</span> <span class='ocrx_word' id='word_1_185' title='bbox 857 2711 984 2781; x_wconf 81' lang='lat' dir='ltr'>gehaufte</span> <span class='ocrx_word' id='word_1_186' title='bbox 1009 2730 1027 2766; x_wconf 84' lang='lat' dir='ltr'>u</span> <span class='ocrx_word' id='word_1_187' title='bbox 1045 2730 1072 2766; x_wconf 89' lang='lat' dir='ltr'>u.</span> <span class='ocrx_word' id='word_1_188' title='bbox 1096 2731 1116 2766; x_wconf 84' lang='lat' dir='ltr'>a</span> <span class='ocrx_word' id='word_1_189' title='bbox 1134 2731 1161 2765; x_wconf 84' lang='grc' dir='ltr'>ιι.</span> <span class='ocrx_word' id='word_1_190' title='bbox 1194 2713 1237 2766; x_wconf 91' lang='lat' dir='ltr'>die</span> 
     </span>
     <span class='ocr_line' id='line_1_24' title="bbox 53 2781 1234 2851; baseline -0.004 -12"><span class='ocrx_word' id='word_1_191' title='bbox 53 2802 101 2839; x_wconf 89' lang='lat' dir='ltr'>um</span> <span class='ocrx_word' id='word_1_192' title='bbox 124 2785 277 2851; x_wconf 83' lang='lat' dir='ltr'>Reinigung</span> <span class='ocrx_word' id='word_1_193' title='bbox 299 2781 355 2834; x_wconf 90' lang='lat' dir='ltr'>und</span> <span class='ocrx_word' id='word_1_194' title='bbox 378 2781 553 2851; x_wconf 79' lang='lat' dir='ltr'>Belestigung</span> <span class='ocrx_word' id='word_1_195' title='bbox 572 2784 619 2836; x_wconf 88' lang='lat' dir='ltr'>des</span> <span class='ocrx_word' id='word_1_196' title='bbox 670 2784 854 2837; x_wconf 87' lang='lat' dir='ltr'>Alliteration.</span> <span class='ocrx_word' id='word_1_197' title='bbox 883 2799 996 2836; x_wconf 80' lang='lat' dir='ltr'>carmen</span> <span class='ocrx_word' id='word_1_198' title='bbox 1014 2799 1066 2837; x_wconf 88' lang='lat' dir='ltr'>von</span> <span class='ocrx_word' id='word_1_199' title='bbox 1093 2784 1234 2837; x_wconf 82' lang='lat' dir='ltr'>einzelnen</span> 
     </span>
     <span class='ocr_line' id='line_1_25' title="bbox 53 2852 1237 2920; baseline -0.003 -11"><span class='ocrx_word' id='word_1_200' title='bbox 53 2852 443 2919; x_wconf 85' lang='lat' dir='ltr'>Unsterblichlreitsglaubens.</span> <span class='ocrx_word' id='word_1_201' title='bbox 671 2853 775 2905; x_wconf 90' lang='lat' dir='ltr'>Versen</span> <span class='ocrx_word' id='word_1_202' title='bbox 796 2854 865 2906; x_wconf 89' lang='lat' dir='ltr'>auch</span> <span class='ocrx_word' id='word_1_203' title='bbox 879 2854 919 2906; x_wconf 94' lang='lat' dir='ltr'>III</span> <span class='ocrx_word' id='word_1_204' title='bbox 935 2854 968 2906; x_wconf 81' lang='lat'>59</span> <span class='ocrx_word' id='word_1_205' title='bbox 987 2853 1166 2920; x_wconf 84' lang='lat' dir='ltr'>Euripideum</span> <span class='ocrx_word' id='word_1_206' title='bbox 1179 2868 1237 2906; x_wconf 86' lang='lat' dir='ltr'>car-</span> 
     </span>
    </p>

    <p class='ocr_par' dir='ltr' id='par_1_7' title="bbox 54 2920 1237 3199">
     <span class='ocr_line' id='line_1_26' title="bbox 90 2920 1237 2989; baseline -0.002 -13"><span class='ocrx_word' id='word_1_207' title='bbox 90 2929 105 2989; x_wconf 75' lang='lat'><strong>§</strong></span> <span class='ocrx_word' id='word_1_208' title='bbox 124 2923 168 2976; x_wconf 81' lang='lat'>36.</span> <span class='ocrx_word' id='word_1_209' title='bbox 196 2921 407 2988; x_wconf 79' lang='lat' dir='ltr'>erse—qneles</span> <span class='ocrx_word' id='word_1_210' title='bbox 427 2921 494 2986; x_wconf 74' lang='lat' dir='ltr'>sint,</span> <span class='ocrx_word' id='word_1_211' title='bbox 512 2938 547 2974; x_wconf 85' lang='lat' dir='ltr'>zu</span> <span class='ocrx_word' id='word_1_212' title='bbox 559 2925 573 2984; x_wconf 65' lang='grc' dir='ltr'><strong>ς</strong></span> <span class='ocrx_word' id='word_1_213' title='bbox 585 2920 620 2972; x_wconf 78' lang='lat'>20</span> <span class='ocrx_word' id='word_1_214' title='bbox 671 2938 732 2976; x_wconf 90' lang='lat' dir='ltr'>men</span> <span class='ocrx_word' id='word_1_215' title='bbox 750 2923 831 2989; x_wconf 85' lang='lat' dir='ltr'>illud;</span> <span class='ocrx_word' id='word_1_216' title='bbox 852 2922 908 2975; x_wconf 79' lang='lat' dir='ltr'>Cat.</span> <span class='ocrx_word' id='word_1_217' title='bbox 927 2940 962 2976; x_wconf 90' lang='lat' dir='ltr'>rn.</span> <span class='ocrx_word' id='word_1_218' title='bbox 981 2923 1014 2975; x_wconf 86' lang='grc'><strong>61</strong></span> <span class='ocrx_word' id='word_1_219' title='bbox 1034 2932 1126 2976; x_wconf 91' lang='lat' dir='ltr'>notum</span> <span class='ocrx_word' id='word_1_220' title='bbox 1149 2931 1191 2976; x_wconf 88' lang='lat' dir='ltr'>est</span> <span class='ocrx_word' id='word_1_221' title='bbox 1209 2921 1237 2974; x_wconf 93' lang='lat' dir='ltr'>id</span> 
     </span>
     <span class='ocr_line' id='line_1_27' title="bbox 54 2991 1237 3064; baseline -0.004 -16"><span class='ocrx_word' id='word_1_222' title='bbox 54 2995 137 3064; x_wconf 84' lang='lat' dir='ltr'>quale</span> <span class='ocrx_word' id='word_1_223' title='bbox 155 3000 236 3047; x_wconf 85' lang='lat' dir='ltr'>esset.</span> <span class='ocrx_word' id='word_1_224' title='bbox 252 3022 282 3028; x_wconf 95' lang='lat'>—</span> <span class='ocrx_word' id='word_1_225' title='bbox 301 2991 422 3054; x_wconf 82' lang='lat' dir='ltr'>ratione,</span> <span class='ocrx_word' id='word_1_226' title='bbox 440 2992 490 3043; x_wconf 85' lang='lat' dir='ltr'>wie</span> <span class='ocrx_word' id='word_1_227' title='bbox 508 2992 620 3054; x_wconf 77' lang='lat'>§30.-</span> <span class='ocrx_word' id='word_1_228' title='bbox 670 2999 757 3045; x_wconf 85' lang='lat' dir='ltr'>totum</span> <span class='ocrx_word' id='word_1_229' title='bbox 782 3008 889 3045; x_wconf 88' lang='lat' dir='ltr'>carmen</span> <span class='ocrx_word' id='word_1_230' title='bbox 915 2993 1028 3046; x_wconf 89' lang='lat' dir='ltr'>incisum</span> <span class='ocrx_word' id='word_1_231' title='bbox 1053 2994 1081 3045; x_wconf 91' lang='lat' dir='ltr'>in</span> <span class='ocrx_word' id='word_1_232' title='bbox 1100 2993 1237 3059; x_wconf 89' lang='lat' dir='ltr'>sepulcro.</span> 
     </span>
     <span class='ocr_line' id='line_1_28' title="bbox 54 3060 1237 3199; baseline -0.006 -10"><span class='ocrx_word' id='word_1_233' title='bbox 54 3060 621 3199; x_wconf 45' lang='lat' dir='ltr'>acerrecrearerusercenses</span> <span class='ocrx_word' id='word_1_234' title='bbox 672 3089 721 3183; x_wconf 65' lang='lat' dir='ltr'>a</span> <span class='ocrx_word' id='word_1_235' title='bbox 734 3060 1237 3185; x_wconf 49' lang='lat' dir='ltr'>lacerersinnam</span> 
     </span>
    </p>
   </div>
   <div class='ocr_carea' id='block_1_4' title="bbox 53 3199 622 4445">
    <p class='ocr_par' dir='ltr' id='par_1_8' title="bbox 53 3199 622 4445">
     <span class='ocr_line' id='line_1_29' title="bbox 54 3199 619 3264; baseline -0.012 -6"><span class='ocrx_word' id='word_1_236' title='bbox 54 3203 316 3258; x_wconf 86' lang='lat' dir='ltr'>nunfterlrenntniss.</span> <span class='ocrx_word' id='word_1_237' title='bbox 331 3228 363 3236; x_wconf 90' lang='lat'>-</span> <span class='ocrx_word' id='word_1_238' title='bbox 375 3199 470 3264; x_wconf 66' lang='lat' dir='ltr'>finale,</span> <span class='ocrx_word' id='word_1_239' title='bbox 489 3200 574 3252; x_wconf 81' lang='lat' dir='ltr'>schuf.</span> <span class='ocrx_word' id='word_1_240' title='bbox 588 3228 619 3236; x_wconf 91' lang='lat'>-</span> 
     </span>
     <span class='ocr_line' id='line_1_30' title="bbox 54 3268 619 3341; baseline -0.012 -13"><span class='ocrx_word' id='word_1_241' title='bbox 54 3271 170 3341; x_wconf 69' lang='lat' dir='ltr'>formed.</span> <span class='ocrx_word' id='word_1_242' title='bbox 190 3269 405 3334; x_wconf 83' lang='lat' dir='ltr'>Schreclrhilder‚</span> <span class='ocrx_word' id='word_1_243' title='bbox 418 3271 466 3320; x_wconf 87' lang='lat' dir='ltr'>wie</span> <span class='ocrx_word' id='word_1_244' title='bbox 478 3268 619 3335; x_wconf 85' lang='lat' dir='ltr'>Cerberus,</span> 
     </span>
     <span class='ocr_line' id='line_1_31' title="bbox 56 3339 620 3411; baseline -0.012 -13"><span class='ocrx_word' id='word_1_245' title='bbox 56 3345 184 3411; x_wconf 82' lang='lat' dir='ltr'>Cocytus,</span> <span class='ocrx_word' id='word_1_246' title='bbox 202 3341 343 3404; x_wconf 81' lang='lat' dir='ltr'>Acher0n3</span> <span class='ocrx_word' id='word_1_247' title='bbox 363 3355 384 3391; x_wconf 89' lang='lat' dir='ltr'>s.</span> <span class='ocrx_word' id='word_1_248' title='bbox 402 3343 424 3402; x_wconf 64' lang='grc' dir='ltr'>ξ.</span> <span class='ocrx_word' id='word_1_249' title='bbox 445 3339 486 3390; x_wconf 88' lang='lat'>10.</span> <span class='ocrx_word' id='word_1_250' title='bbox 513 3368 542 3375; x_wconf 82' lang='lat'>-</span> <span class='ocrx_word' id='word_1_251' title='bbox 562 3355 620 3391; x_wconf 83' lang='lat' dir='ltr'>aon</span> 
     </span>
     <span class='ocr_line' id='line_1_32' title="bbox 56 3407 621 3475; baseline -0.012 -7"><span class='ocrx_word' id='word_1_252' title='bbox 56 3415 119 3469; x_wconf 78' lang='lat' dir='ltr'>eine</span> <span class='ocrx_word' id='word_1_253' title='bbox 147 3426 250 3474; x_wconf 80' lang='lat' dir='ltr'>coeco,</span> <span class='ocrx_word' id='word_1_254' title='bbox 281 3407 389 3475; x_wconf 83' lang='lat' dir='ltr'>h‘a&#39;ufige</span> <span class='ocrx_word' id='word_1_255' title='bbox 422 3408 540 3461; x_wconf 86' lang='lat' dir='ltr'>Litotos:</span> <span class='ocrx_word' id='word_1_256' title='bbox 572 3409 621 3461; x_wconf 86' lang='lat' dir='ltr'>mit</span> 
     </span>
     <span class='ocr_line' id='line_1_33' title="bbox 54 3478 620 3553; baseline -0.011 -17"><span class='ocrx_word' id='word_1_257' title='bbox 54 3478 620 3553; x_wconf 79' lang='lat' dir='ltr'>gutemGrnnoe.-cadeaaouc-teca&#39;s,</span> 
     </span>
     <span class='ocr_line' id='line_1_34' title="bbox 55 3547 620 3606; baseline -0.011 0"><span class='ocrx_word' id='word_1_258' title='bbox 55 3554 115 3606; x_wconf 88' lang='lat' dir='ltr'>weil</span> <span class='ocrx_word' id='word_1_259' title='bbox 134 3552 174 3603; x_wconf 85' lang='lat' dir='ltr'>sie</span> <span class='ocrx_word' id='word_1_260' title='bbox 193 3549 220 3601; x_wconf 92' lang='lat' dir='ltr'>in</span> <span class='ocrx_word' id='word_1_261' title='bbox 239 3548 282 3600; x_wconf 91' lang='lat' dir='ltr'>die</span> <span class='ocrx_word' id='word_1_262' title='bbox 297 3547 370 3599; x_wconf 85' lang='lat' dir='ltr'>Erde</span> <span class='ocrx_word' id='word_1_263' title='bbox 388 3547 517 3601; x_wconf 86' lang='lat' dir='ltr'>versenlrt</span> <span class='ocrx_word' id='word_1_264' title='bbox 534 3565 551 3599; x_wconf 91' lang='grc' dir='ltr'>ιι</span> <span class='ocrx_word' id='word_1_265' title='bbox 572 3549 620 3600; x_wconf 88' lang='lat' dir='ltr'>mit</span> 
     </span>
     <span class='ocr_line' id='line_1_35' title="bbox 54 3616 620 3677; baseline -0.016 0"><span class='ocrx_word' id='word_1_266' title='bbox 54 3621 131 3677; x_wconf 79' lang='lat' dir='ltr'>Erdc</span> <span class='ocrx_word' id='word_1_267' title='bbox 149 3618 266 3671; x_wconf 85' lang='lat' dir='ltr'>hedeclrt</span> <span class='ocrx_word' id='word_1_268' title='bbox 283 3616 399 3669; x_wconf 85' lang='lat' dir='ltr'>werden.</span> <span class='ocrx_word' id='word_1_269' title='bbox 420 3616 509 3670; x_wconf 81' lang='lat' dir='ltr'>Beide</span> <span class='ocrx_word' id='word_1_270' title='bbox 521 3619 620 3670; x_wconf 84' lang='lat' dir='ltr'>Partic.</span> 
     </span>
     <span class='ocr_line' id='line_1_36' title="bbox 54 3686 621 3745; baseline -0.014 0"><span class='ocrx_word' id='word_1_271' title='bbox 54 3696 183 3745; x_wconf 85' lang='lat' dir='ltr'>ersetzen</span> <span class='ocrx_word' id='word_1_272' title='bbox 206 3686 254 3741; x_wconf 86' lang='lat' dir='ltr'>das</span> <span class='ocrx_word' id='word_1_273' title='bbox 278 3686 404 3739; x_wconf 85' lang='lat' dir='ltr'>fehlende</span> <span class='ocrx_word' id='word_1_274' title='bbox 429 3687 502 3739; x_wconf 85' lang='lat' dir='ltr'>Part.</span> <span class='ocrx_word' id='word_1_275' title='bbox 527 3687 621 3740; x_wconf 88' lang='lat' dir='ltr'>Praes.</span> 
     </span>
     <span class='ocr_line' id='line_1_37' title="bbox 54 3755 621 3819; baseline -0.012 -4"><span class='ocrx_word' id='word_1_276' title='bbox 54 3762 133 3815; x_wconf 82' lang='lat' dir='ltr'>Pass.</span> <span class='ocrx_word' id='word_1_277' title='bbox 152 3773 188 3810; x_wconf 83' lang='lat' dir='ltr'>zu</span> <span class='ocrx_word' id='word_1_278' title='bbox 205 3760 219 3819; x_wconf 69' lang='grc' dir='ltr'>ξ</span> <span class='ocrx_word' id='word_1_279' title='bbox 237 3755 270 3807; x_wconf 79' lang='lat'>23</span> <span class='ocrx_word' id='word_1_280' title='bbox 289 3763 319 3808; x_wconf 93' lang='lat' dir='ltr'>ut</span> <span class='ocrx_word' id='word_1_281' title='bbox 333 3756 430 3808; x_wconf 85' lang='lat' dir='ltr'>ista-</span> <span class='ocrx_word' id='word_1_282' title='bbox 445 3756 621 3809; x_wconf 86' lang='lat' dir='ltr'>disserantur.</span> 
     </span>
     <span class='ocr_line' id='line_1_38' title="bbox 53 3825 621 3892; baseline -0.012 -8"><span class='ocrx_word' id='word_1_283' title='bbox 53 3830 119 3883; x_wconf 81' lang='lat' dir='ltr'>Nat.</span> <span class='ocrx_word' id='word_1_284' title='bbox 139 3827 163 3880; x_wconf 90' lang='lat' dir='ltr'>d.</span> <span class='ocrx_word' id='word_1_285' title='bbox 183 3826 197 3878; x_wconf 92' lang='lat' dir='ltr'>I</span> <span class='ocrx_word' id='word_1_286' title='bbox 220 3826 269 3877; x_wconf 86' lang='grc'>116</span> <span class='ocrx_word' id='word_1_287' title='bbox 292 3826 337 3892; x_wconf 90' lang='lat' dir='ltr'>qui</span> <span class='ocrx_word' id='word_1_288' title='bbox 362 3825 424 3889; x_wconf 75' lang='lat' dir='ltr'>ldei)</span> <span class='ocrx_word' id='word_1_289' title='bbox 448 3827 621 3891; x_wconf 88' lang='lat' dir='ltr'>quamobrem</span> 
     </span>
     <span class='ocr_line' id='line_1_39' title="bbox 56 3893 622 3961; baseline -0.012 -8"><span class='ocrx_word' id='word_1_290' title='bbox 56 3895 165 3953; x_wconf 85' lang='lat' dir='ltr'>colendi</span> <span class='ocrx_word' id='word_1_291' title='bbox 184 3895 246 3961; x_wconf 87' lang='lat' dir='ltr'>sint,</span> <span class='ocrx_word' id='word_1_292' title='bbox 264 3909 318 3947; x_wconf 92' lang='lat' dir='ltr'>non</span> <span class='ocrx_word' id='word_1_293' title='bbox 329 3893 466 3960; x_wconf 89' lang='lat' dir='ltr'>intellego,</span> <span class='ocrx_word' id='word_1_294' title='bbox 480 3895 554 3947; x_wconf 89' lang='lat' dir='ltr'>nullo</span> <span class='ocrx_word' id='word_1_295' title='bbox 572 3911 622 3947; x_wconf 90' lang='lat' dir='ltr'>nec</span> 
     </span>
     <span class='ocr_line' id='line_1_40' title="bbox 55 3964 621 4033; baseline -0.012 -10"><span class='ocrx_word' id='word_1_296' title='bbox 55 3972 171 4033; x_wconf 79' lang='lat' dir='ltr'>eccepto</span> <span class='ocrx_word' id='word_1_297' title='bbox 190 3965 224 4017; x_wconf 84' lang='lat' dir='ltr'>ah</span> <span class='ocrx_word' id='word_1_298' title='bbox 243 3964 276 4016; x_wconf 87' lang='lat' dir='ltr'>iis</span> <span class='ocrx_word' id='word_1_299' title='bbox 294 3978 344 4015; x_wconf 87' lang='lat' dir='ltr'>nec</span> <span class='ocrx_word' id='word_1_300' title='bbox 363 3972 472 4030; x_wconf 88' lang='lat' dir='ltr'>sperato</span> <span class='ocrx_word' id='word_1_301' title='bbox 491 3965 571 4017; x_wconf 87' lang='lat' dir='ltr'>bono.</span> <span class='ocrx_word' id='word_1_302' title='bbox 588 3992 621 4001; x_wconf 89' lang='lat'><em>—</em></span> 
     </span>
     <span class='ocr_line' id='line_1_41' title="bbox 56 4033 620 4105; baseline -0.009 -14"><span class='ocrx_word' id='word_1_303' title='bbox 56 4050 145 4105; x_wconf 80' lang='lat' dir='ltr'>equo</span> <span class='ocrx_word' id='word_1_304' title='bbox 165 4033 272 4086; x_wconf 78' lang='lat' dir='ltr'>dictam</span> <span class='ocrx_word' id='word_1_305' title='bbox 290 4037 340 4096; x_wconf 80' lang='lat' dir='ltr'>eet,</span> <span class='ocrx_word' id='word_1_306' title='bbox 359 4048 393 4084; x_wconf 89' lang='lat' dir='ltr'>zu</span> <span class='ocrx_word' id='word_1_307' title='bbox 410 4036 424 4095; x_wconf 65' lang='grc' dir='ltr'>ἓ</span> <span class='ocrx_word' id='word_1_308' title='bbox 444 4033 484 4084; x_wconf 88' lang='grc'><strong>18.</strong></span> <span class='ocrx_word' id='word_1_309' title='bbox 505 4063 536 4072; x_wconf 89' lang='grc'>-</span> <span class='ocrx_word' id='word_1_310' title='bbox 556 4049 620 4086; x_wconf 83' lang='lat' dir='ltr'>con·</span> 
     </span>
     <span class='ocr_line' id='line_1_42' title="bbox 56 4101 621 4167; baseline -0.011 -6"><span class='ocrx_word' id='word_1_311' title='bbox 56 4105 148 4161; x_wconf 78' lang='lat' dir='ltr'>cecati</span> <span class='ocrx_word' id='word_1_312' title='bbox 166 4119 189 4157; x_wconf 82' lang='lat' dir='ltr'>e.</span> <span class='ocrx_word' id='word_1_313' title='bbox 217 4102 274 4155; x_wconf 84' lang='lat' dir='ltr'>Das</span> <span class='ocrx_word' id='word_1_314' title='bbox 287 4101 470 4167; x_wconf 74' lang='lat' dir='ltr'>compositum</span> <span class='ocrx_word' id='word_1_315' title='bbox 489 4120 540 4157; x_wconf 88' lang='lat' dir='ltr'>von</span> <span class='ocrx_word' id='word_1_316' title='bbox 560 4104 621 4155; x_wconf 90' lang='lat' dir='ltr'>dem</span> 
     </span>
     <span class='ocr_line' id='line_1_43' title="bbox 54 4171 620 4240; baseline -0.014 -9"><span class='ocrx_word' id='word_1_317' title='bbox 54 4178 153 4231; x_wconf 88' lang='lat' dir='ltr'>innern</span> <span class='ocrx_word' id='word_1_318' title='bbox 172 4171 301 4226; x_wconf 84' lang='lat' dir='ltr'>causalen</span> <span class='ocrx_word' id='word_1_319' title='bbox 314 4171 549 4240; x_wconf 87' lang='lat' dir='ltr'>Zusammenhang</span> <span class='ocrx_word' id='word_1_320' title='bbox 561 4174 620 4224; x_wconf 87' lang='lat' dir='ltr'>zwi-</span> 
     </span>
     <span class='ocr_line' id='line_1_44' title="bbox 55 4240 621 4309; baseline -0.012 -9"><span class='ocrx_word' id='word_1_321' title='bbox 55 4246 140 4300; x_wconf 78' lang='lat' dir='ltr'>schen</span> <span class='ocrx_word' id='word_1_322' title='bbox 159 4240 257 4309; x_wconf 77' lang='lat' dir='ltr'>opinio</span> <span class='ocrx_word' id='word_1_323' title='bbox 271 4257 296 4292; x_wconf 94' lang='lat' dir='ltr'>u.</span> <span class='ocrx_word' id='word_1_324' title='bbox 308 4255 428 4306; x_wconf 81' lang='lat' dir='ltr'>errores,</span> <span class='ocrx_word' id='word_1_325' title='bbox 440 4241 488 4294; x_wconf 87' lang='lat' dir='ltr'>das</span> <span class='ocrx_word' id='word_1_326' title='bbox 501 4242 621 4309; x_wconf 85' lang='lat' dir='ltr'>Simplex</span> 
     </span>
     <span class='ocr_line' id='line_1_45' title="bbox 54 4310 621 4378; baseline -0.011 -9"><span class='ocrx_word' id='word_1_327' title='bbox 54 4312 148 4369; x_wconf 73' lang='lat' dir='ltr'>warde</span> <span class='ocrx_word' id='word_1_328' title='bbox 160 4328 213 4365; x_wconf 90' lang='lat' dir='ltr'>nur</span> <span class='ocrx_word' id='word_1_329' title='bbox 223 4310 265 4363; x_wconf 91' lang='lat' dir='ltr'>die</span> <span class='ocrx_word' id='word_1_330' title='bbox 277 4315 387 4363; x_wconf 83' lang='lat' dir='ltr'>‘aussere</span> <span class='ocrx_word' id='word_1_331' title='bbox 401 4310 526 4364; x_wconf 87' lang='lat' dir='ltr'>zeitliche</span> <span class='ocrx_word' id='word_1_332' title='bbox 536 4311 621 4378; x_wconf 83' lang='lat' dir='ltr'>Folge</span> 
     </span>
     <span class='ocr_line' id='line_1_46' title="bbox 53 4382 603 4445; baseline -0.013 -6"><span class='ocrx_word' id='word_1_333' title='bbox 53 4382 230 4439; x_wconf 84' lang='lat' dir='ltr'>bezeichnen.</span> <span class='ocrx_word' id='word_1_334' title='bbox 249 4407 283 4416; x_wconf 93' lang='lat'><em>-</em></span> <span class='ocrx_word' id='word_1_335' title='bbox 301 4385 461 4445; x_wconf 78' lang='lat' dir='ltr'>auxerant,</span> <span class='ocrx_word' id='word_1_336' title='bbox 480 4382 551 4435; x_wconf 91' lang='lat' dir='ltr'>noch</span> <span class='ocrx_word' id='word_1_337' title='bbox 562 4408 603 4432; x_wconf 88' lang='lat'>—.</span> 
     </span>
    </p>
   </div>
   <div class='ocr_carea' id='block_1_5' title="bbox 91 4466 622 4535">
    <p class='ocr_par' dir='ltr' id='par_1_9' title="bbox 91 4466 622 4535">
     <span class='ocr_line' id='line_1_47' title="bbox 91 4466 622 4535; baseline -0.009 -12"><span class='ocrx_word' id='word_1_338' title='bbox 91 4474 107 4535; x_wconf 63' lang='grc' dir='ltr'><strong>ἓ</strong></span> <span class='ocrx_word' id='word_1_339' title='bbox 125 4468 169 4523; x_wconf 84' lang='grc'>37.</span> <span class='ocrx_word' id='word_1_340' title='bbox 187 4481 351 4530; x_wconf 77' lang='lat' dir='ltr'>concessae,</span> <span class='ocrx_word' id='word_1_341' title='bbox 363 4466 423 4518; x_wconf 90' lang='lat' dir='ltr'>hier</span> <span class='ocrx_word' id='word_1_342' title='bbox 435 4473 557 4532; x_wconf 83' lang='lat' dir='ltr'>concret3</span> <span class='ocrx_word' id='word_1_343' title='bbox 577 4481 622 4519; x_wconf 86' lang='lat' dir='ltr'>an-</span> 
     </span>
    </p>
   </div>
   <div class='ocr_carea' id='block_1_6' title="bbox 671 3200 1237 3476">
    <p class='ocr_par' dir='ltr' id='par_1_10' title="bbox 671 3200 1237 3476">
     <span class='ocr_line' id='line_1_48' title="bbox 671 3200 1235 3267; baseline -0.004 -14"><span class='ocrx_word' id='word_1_344' title='bbox 671 3200 764 3253; x_wconf 85' lang='lat' dir='ltr'>latein.</span> <span class='ocrx_word' id='word_1_345' title='bbox 784 3201 939 3267; x_wconf 86' lang='lat' dir='ltr'>Tragihers,</span> <span class='ocrx_word' id='word_1_346' title='bbox 959 3203 1033 3254; x_wconf 91' lang='lat' dir='ltr'>einer</span> <span class='ocrx_word' id='word_1_347' title='bbox 1046 3200 1235 3266; x_wconf 87' lang='lat' dir='ltr'>Nachbildung</span> 
     </span>
     <span class='ocr_line' id='line_1_49' title="bbox 673 3269 1237 3336; baseline -0.002 -15"><span class='ocrx_word' id='word_1_348' title='bbox 673 3269 721 3321; x_wconf 90' lang='lat' dir='ltr'>der</span> <span class='ocrx_word' id='word_1_349' title='bbox 731 3270 842 3322; x_wconf 88' lang='lat' dir='ltr'>Hecuba</span> <span class='ocrx_word' id='word_1_350' title='bbox 853 3271 900 3322; x_wconf 86' lang='lat' dir='ltr'>des</span> <span class='ocrx_word' id='word_1_351' title='bbox 911 3269 1065 3336; x_wconf 69' lang='lat' dir='ltr'>Euripides</span> <span class='ocrx_word' id='word_1_352' title='bbox 1077 3285 1116 3321; x_wconf 87' lang='lat' dir='ltr'>wo</span> <span class='ocrx_word' id='word_1_353' title='bbox 1129 3269 1177 3321; x_wconf 88' lang='lat' dir='ltr'>der</span> <span class='ocrx_word' id='word_1_354' title='bbox 1189 3283 1237 3322; x_wconf 86' lang='lat' dir='ltr'>aus</span> 
     </span>
     <span class='ocr_line' id='line_1_50' title="bbox 673 3338 1235 3392; baseline -0.002 -2"><span class='ocrx_word' id='word_1_355' title='bbox 673 3339 722 3392; x_wconf 92' lang='lat' dir='ltr'>der</span> <span class='ocrx_word' id='word_1_356' title='bbox 734 3339 883 3391; x_wconf 83' lang='lat' dir='ltr'>Unteruelt</span> <span class='ocrx_word' id='word_1_357' title='bbox 896 3338 1090 3391; x_wconf 89' lang='lat' dir='ltr'>erscheinende</span> <span class='ocrx_word' id='word_1_358' title='bbox 1105 3338 1235 3390; x_wconf 85' lang='lat' dir='ltr'>Schatten</span> 
     </span>
     <span class='ocr_line' id='line_1_51' title="bbox 673 3407 1236 3476; baseline -0.002 -17"><span class='ocrx_word' id='word_1_359' title='bbox 673 3407 719 3460; x_wconf 89' lang='lat' dir='ltr'>des</span> <span class='ocrx_word' id='word_1_360' title='bbox 738 3408 889 3476; x_wconf 86' lang='lat' dir='ltr'>Polydorus</span> <span class='ocrx_word' id='word_1_361' title='bbox 907 3425 930 3459; x_wconf 88' lang='lat' dir='ltr'>v.</span> <span class='ocrx_word' id='word_1_362' title='bbox 945 3410 959 3459; x_wconf 90' lang='lat'>1</span> <span class='ocrx_word' id='word_1_363' title='bbox 973 3408 1028 3459; x_wconf 66' lang='lat' dir='ltr'>uh</span> <span class='ocrx_word' id='word_1_364' title='bbox 1046 3408 1103 3460; x_wconf 89' lang='lat' dir='ltr'>also</span> <span class='ocrx_word' id='word_1_365' title='bbox 1118 3409 1236 3473; x_wconf 89' lang='lat' dir='ltr'>spricht:</span> 
     </span>
    </p>
   </div>
   <div class='ocr_carea' id='block_1_7' title="bbox 672 3489 1301 4389">
    <p class='ocr_par' dir='ltr' id='par_1_11' title="bbox 672 3489 1301 4389">
     <span class='ocr_line' id='line_1_52' title="bbox 707 3489 1238 3575; baseline -0.006 -19"><span class='ocrx_word' id='word_1_366' title='bbox 707 3489 818 3570; x_wconf 85' lang='grc' dir='ltr'>Ἥκω,</span> <span class='ocrx_word' id='word_1_367' title='bbox 841 3498 957 3575; x_wconf 79' lang='grc' dir='ltr'><em>νεκρῶν</em></span> <span class='ocrx_word' id='word_1_368' title='bbox 985 3495 1154 3572; x_wconf 67' lang='grc' dir='ltr'><em>κευθμῶνα</em></span> <span class='ocrx_word' id='word_1_369' title='bbox 1185 3496 1238 3554; x_wconf 86' lang='grc' dir='ltr'>καὶ</span> 
     </span>
     <span class='ocr_line' id='line_1_53' title="bbox 962 3578 1200 3650; baseline -0.013 -9"><span class='ocrx_word' id='word_1_370' title='bbox 962 3579 1078 3640; x_wconf 82' lang='grc' dir='ltr'><em>σκότον</em></span> <span class='ocrx_word' id='word_1_371' title='bbox 1101 3578 1200 3650; x_wconf 73' lang='grc' dir='ltr'><strong><em>πύλας</em></strong></span> 
     </span>
     <span class='ocr_line' id='line_1_54' title="bbox 708 3657 1236 3748; baseline -0.006 -21"><span class='ocrx_word' id='word_1_372' title='bbox 708 3666 815 3743; x_wconf 77' lang='grc' dir='ltr'>λιπών,</span> <span class='ocrx_word' id='word_1_373' title='bbox 824 3660 987 3740; x_wconf 64' lang='grc' dir='ltr'><em>ἵνἫιδης</em></span> <span class='ocrx_word' id='word_1_374' title='bbox 997 3664 1092 3744; x_wconf 84' lang='grc' dir='ltr'><em>χωρὶς</em></span> <span class='ocrx_word' id='word_1_375' title='bbox 1105 3657 1236 3748; x_wconf 74' lang='grc' dir='ltr'>ᾤκισται</span> 
     </span>
     <span class='ocr_line' id='line_1_55' title="bbox 963 3752 1058 3811; baseline -0.032 0"><span class='ocrx_word' id='word_1_376' title='bbox 963 3752 1058 3811; x_wconf 69' lang='grc' dir='ltr'><em>θεῶν.</em></span> 
     </span>
     <span class='ocr_line' id='line_1_56' title="bbox 674 3832 1236 3900; baseline -0.007 -12"><span class='ocrx_word' id='word_1_377' title='bbox 674 3841 794 3900; x_wconf 79' lang='lat' dir='ltr'>constet,</span> <span class='ocrx_word' id='word_1_378' title='bbox 813 3842 904 3888; x_wconf 85' lang='lat' dir='ltr'>starrt.</span> <span class='ocrx_word' id='word_1_379' title='bbox 929 3861 960 3870; x_wconf 85' lang='lat'>--</span> <span class='ocrx_word' id='word_1_380' title='bbox 981 3840 1151 3898; x_wconf 74' lang='lat' dir='ltr'>iuratumque.</span> <span class='ocrx_word' id='word_1_381' title='bbox 1171 3832 1236 3885; x_wconf 90' lang='lat' dir='ltr'>Dies</span> 
     </span>
     <span class='ocr_line' id='line_1_57' title="bbox 673 3901 1301 3973; baseline -0.013 -14"><span class='ocrx_word' id='word_1_382' title='bbox 673 3907 737 3973; x_wconf 91' lang='lat' dir='ltr'>geht</span> <span class='ocrx_word' id='word_1_383' title='bbox 755 3904 854 3957; x_wconf 84' lang='lat' dir='ltr'>wieder</span> <span class='ocrx_word' id='word_1_384' title='bbox 878 3901 928 3956; x_wconf 88' lang='lat' dir='ltr'>auf</span> <span class='ocrx_word' id='word_1_385' title='bbox 943 3903 986 3956; x_wconf 91' lang='lat' dir='ltr'>die</span> <span class='ocrx_word' id='word_1_386' title='bbox 1005 3905 1120 3962; x_wconf 79' lang='lat' dir='ltr'>bltesten</span> <span class='ocrx_word' id='word_1_387' title='bbox 1133 3902 1238 3968; x_wconf 86' lang='lat' dir='ltr'>Zeiten,</span> <span class='ocrx_word' id='word_1_388' title='bbox 1298 3920 1301 3927; x_wconf 95' lang='lat'>·</span> 
     </span>
     <span class='ocr_line' id='line_1_58' title="bbox 672 3971 1238 4041; baseline -0.012 -13"><span class='ocrx_word' id='word_1_389' title='bbox 672 3977 700 4028; x_wconf 90' lang='lat' dir='ltr'>in</span> <span class='ocrx_word' id='word_1_390' title='bbox 712 3975 798 4028; x_wconf 89' lang='lat' dir='ltr'>denen</span> <span class='ocrx_word' id='word_1_391' title='bbox 809 3974 851 4026; x_wconf 87' lang='lat' dir='ltr'>die</span> <span class='ocrx_word' id='word_1_392' title='bbox 862 3974 1005 4041; x_wconf 70' lang='lat' dir='ltr'>ignoratio</span> <span class='ocrx_word' id='word_1_393' title='bbox 1015 3972 1102 4039; x_wconf 71' lang='lat' dir='ltr'>finxit</span> <span class='ocrx_word' id='word_1_394' title='bbox 1110 3971 1220 4037; x_wconf 70' lang='lat' dir='ltr'>deferor</span> <span class='ocrx_word' id='word_1_395' title='bbox 1229 3987 1238 4035; x_wconf 79' lang='lat'>‚-</span> 
     </span>
     <span class='ocr_line' id='line_1_59' title="bbox 672 4042 1237 4110; baseline -0.005 -15"><span class='ocrx_word' id='word_1_396' title='bbox 672 4045 742 4109; x_wconf 71' lang='lat' dir='ltr'>iem,</span> <span class='ocrx_word' id='word_1_397' title='bbox 757 4043 866 4110; x_wconf 88' lang='lat' dir='ltr'>bereits,</span> <span class='ocrx_word' id='word_1_398' title='bbox 887 4059 936 4096; x_wconf 89' lang='lat' dir='ltr'>von</span> <span class='ocrx_word' id='word_1_399' title='bbox 957 4043 1034 4095; x_wconf 82' lang='lat' dir='ltr'>Cic’s</span> <span class='ocrx_word' id='word_1_400' title='bbox 1052 4042 1121 4094; x_wconf 88' lang='lat' dir='ltr'>Zeit.</span> <span class='ocrx_word' id='word_1_401' title='bbox 1142 4069 1174 4077; x_wconf 89' lang='lat'>-</span> <span class='ocrx_word' id='word_1_402' title='bbox 1188 4055 1237 4092; x_wconf 83' lang='lat' dir='ltr'>nec</span> 
     </span>
     <span class='ocr_line' id='line_1_60' title="bbox 673 4110 1238 4180; baseline -0.007 -14"><span class='ocrx_word' id='word_1_403' title='bbox 673 4112 847 4180; x_wconf 76' lang='lat' dir='ltr'>—e&#39;atellepl,</span> <span class='ocrx_word' id='word_1_404' title='bbox 855 4113 923 4165; x_wconf 81' lang='lat' dir='ltr'>wir:</span> <span class='ocrx_word' id='word_1_405' title='bbox 934 4113 1023 4165; x_wconf 85' lang='lat' dir='ltr'>neder</span> <span class='ocrx_word' id='word_1_406' title='bbox 1033 4110 1157 4177; x_wconf 77' lang='lat' dir='ltr'>moglich,</span> <span class='ocrx_word' id='word_1_407' title='bbox 1167 4110 1238 4162; x_wconf 93' lang='lat' dir='ltr'>noch</span> 
     </span>
     <span class='ocr_line' id='line_1_61' title="bbox 673 4180 1238 4236; baseline -0.011 0"><span class='ocrx_word' id='word_1_408' title='bbox 673 4184 796 4236; x_wconf 86' lang='lat' dir='ltr'>denhbar</span> <span class='ocrx_word' id='word_1_409' title='bbox 822 4182 896 4234; x_wconf 80' lang='lat' dir='ltr'>sind.</span> <span class='ocrx_word' id='word_1_410' title='bbox 927 4181 1017 4235; x_wconf 89' lang='lat' dir='ltr'>Ueber</span> <span class='ocrx_word' id='word_1_411' title='bbox 1040 4181 1083 4233; x_wconf 92' lang='lat' dir='ltr'>die</span> <span class='ocrx_word' id='word_1_412' title='bbox 1101 4180 1238 4232; x_wconf 87' lang='lat' dir='ltr'>Attractio</span> 
     </span>
     <span class='ocr_line' id='line_1_62' title="bbox 673 4248 1239 4319; baseline -0.009 -15"><span class='ocrx_word' id='word_1_413' title='bbox 673 4253 745 4305; x_wconf 89' lang='lat' dir='ltr'>modi</span> <span class='ocrx_word' id='word_1_414' title='bbox 769 4254 797 4304; x_wconf 89' lang='lat' dir='ltr'>in</span> <span class='ocrx_word' id='word_1_415' title='bbox 818 4257 954 4319; x_wconf 79' lang='lat' dir='ltr'>possent,</span> <span class='ocrx_word' id='word_1_416' title='bbox 977 4267 1011 4303; x_wconf 88' lang='lat' dir='ltr'>zu</span> <span class='ocrx_word' id='word_1_417' title='bbox 1030 4254 1044 4313; x_wconf 67' lang='grc' dir='ltr'>ξ</span> <span class='ocrx_word' id='word_1_418' title='bbox 1062 4249 1086 4300; x_wconf 88' lang='grc'>9.</span> <span class='ocrx_word' id='word_1_419' title='bbox 1118 4248 1239 4301; x_wconf 91' lang='lat' dir='ltr'>Beachte</span> 
     </span>
     <span class='ocr_line' id='line_1_63' title="bbox 673 4318 1238 4389; baseline -0.011 -15"><span class='ocrx_word' id='word_1_420' title='bbox 673 4322 833 4389; x_wconf 69' lang='lat' dir='ltr'>intellegere</span> <span class='ocrx_word' id='word_1_421' title='bbox 850 4323 910 4374; x_wconf 89' lang='lat' dir='ltr'>hier</span> <span class='ocrx_word' id='word_1_422' title='bbox 926 4322 954 4373; x_wconf 91' lang='lat' dir='ltr'>in</span> <span class='ocrx_word' id='word_1_423' title='bbox 968 4320 1016 4372; x_wconf 92' lang='lat' dir='ltr'>der</span> <span class='ocrx_word' id='word_1_424' title='bbox 1027 4319 1103 4371; x_wconf 88' lang='lat' dir='ltr'>nicht</span> <span class='ocrx_word' id='word_1_425' title='bbox 1116 4318 1238 4370; x_wconf 90' lang='lat' dir='ltr'>seltenen</span> 
     </span>
    </p>
   </div>
   <div class='ocr_carea' id='block_1_8' title="bbox 674 4387 1238 4526">
    <p class='ocr_par' dir='ltr' id='par_1_12' title="bbox 674 4387 1238 4526">
     <span class='ocr_line' id='line_1_64' title="bbox 674 4387 1238 4458; baseline -0.014 -13"><span class='ocrx_word' id='word_1_426' title='bbox 674 4392 847 4458; x_wconf 85' lang='lat' dir='ltr'>Bedeutung:</span> <span class='ocrx_word' id='word_1_427' title='bbox 862 4391 921 4443; x_wconf 89' lang='lat' dir='ltr'>sich</span> <span class='ocrx_word' id='word_1_428' title='bbox 931 4391 990 4442; x_wconf 90' lang='lat' dir='ltr'>eine</span> <span class='ocrx_word' id='word_1_429' title='bbox 1000 4387 1176 4451; x_wconf 88' lang='lat' dir='ltr'>Vorstellung</span> <span class='ocrx_word' id='word_1_430' title='bbox 1186 4400 1238 4438; x_wconf 90' lang='lat' dir='ltr'>von</span> 
     </span>
     <span class='ocr_line' id='line_1_65' title="bbox 675 4457 1238 4526; baseline -0.016 -12"><span class='ocrx_word' id='word_1_431' title='bbox 675 4461 767 4514; x_wconf 85' lang='lat' dir='ltr'>Etwas</span> <span class='ocrx_word' id='word_1_432' title='bbox 794 4461 921 4526; x_wconf 82' lang='lat' dir='ltr'>macheu,</span> <span class='ocrx_word' id='word_1_433' title='bbox 949 4459 1006 4511; x_wconf 88' lang='lat' dir='ltr'>sich</span> <span class='ocrx_word' id='word_1_434' title='bbox 1033 4457 1138 4509; x_wconf 90' lang='lat' dir='ltr'>denken</span> <span class='ocrx_word' id='word_1_435' title='bbox 1164 4462 1238 4517; x_wconf 71' lang='lat' dir='ltr'>(vor-</span> 
     </span>
    </p>
   </div>
   <div class='ocr_carea' id='block_1_9' title="bbox 56 4523 1238 4741">
    <p class='ocr_par' dir='ltr' id='par_1_13' title="bbox 56 4523 1238 4741">
     <span class='ocr_line' id='line_1_66' title="bbox 56 4523 1238 4602; baseline -0.015 -9"><span class='ocrx_word' id='word_1_436' title='bbox 56 4540 121 4595; x_wconf 85' lang='lat' dir='ltr'>ders</span> <span class='ocrx_word' id='word_1_437' title='bbox 138 4537 209 4602; x_wconf 65' lang='lat'><strong>530.</strong></span> <span class='ocrx_word' id='word_1_438' title='bbox 229 4535 466 4600; x_wconf 80' lang='lat' dir='ltr'>—malierculee‚</span> <span class='ocrx_word' id='word_1_439' title='bbox 483 4536 623 4589; x_wconf 85' lang='lat' dir='ltr'>schwache</span> <span class='ocrx_word' id='word_1_440' title='bbox 675 4530 790 4592; x_wconf 79' lang='lat' dir='ltr'>stellenl.</span> <span class='ocrx_word' id='word_1_441' title='bbox 816 4529 842 4582; x_wconf 91' lang='lat' dir='ltr'>S.</span> <span class='ocrx_word' id='word_1_442' title='bbox 861 4528 1014 4592; x_wconf 58' lang='grc'><strong>550151.</strong></span> <span class='ocrx_word' id='word_1_443' title='bbox 1039 4525 1070 4577; x_wconf 94' lang='lat' dir='ltr'>In</span> <span class='ocrx_word' id='word_1_444' title='bbox 1085 4523 1238 4601; x_wconf 85' lang='lat' dir='ltr'>demselben</span> 
     </span>
     <span class='ocr_line' id='line_1_67' title="bbox 56 4592 1236 4675; baseline -0.017 -12"><span class='ocrx_word' id='word_1_445' title='bbox 56 4610 176 4675; x_wconf 79' lang='lat' dir='ltr'>Frauen,</span> <span class='ocrx_word' id='word_1_446' title='bbox 195 4606 220 4660; x_wconf 86' lang='lat' dir='ltr'>d.</span> <span class='ocrx_word' id='word_1_447' title='bbox 239 4607 257 4659; x_wconf 91' lang='grc'><strong>1.</strong></span> <span class='ocrx_word' id='word_1_448' title='bbox 275 4606 324 4657; x_wconf 91' lang='lat' dir='ltr'>mit</span> <span class='ocrx_word' id='word_1_449' title='bbox 342 4605 509 4671; x_wconf 86' lang='lat' dir='ltr'>schwachen,</span> <span class='ocrx_word' id='word_1_450' title='bbox 528 4611 624 4658; x_wconf 86' lang='lat' dir='ltr'>zarten</span> <span class='ocrx_word' id='word_1_451' title='bbox 676 4599 759 4653; x_wconf 88' lang='lat' dir='ltr'>Sinne</span> <span class='ocrx_word' id='word_1_452' title='bbox 785 4599 907 4652; x_wconf 88' lang='lat' dir='ltr'>nachher</span> <span class='ocrx_word' id='word_1_453' title='bbox 929 4601 1017 4651; x_wconf 82' lang='lat' dir='ltr'>mente</span> <span class='ocrx_word' id='word_1_454' title='bbox 1040 4592 1184 4658; x_wconf 75' lang='lat' dir='ltr'>complecta</span> <span class='ocrx_word' id='word_1_455' title='bbox 1209 4608 1236 4644; x_wconf 88' lang='lat' dir='ltr'>u.</span> 
     </span>
     <span class='ocr_line' id='line_1_68' title="bbox 57 4663 1236 4741; baseline -0.017 -8"><span class='ocrx_word' id='word_1_456' title='bbox 57 4678 201 4733; x_wconf 77' lang='lat' dir='ltr'>Gefllhlen.</span> <span class='ocrx_word' id='word_1_457' title='bbox 213 4704 248 4714; x_wconf 91' lang='lat'><em>-</em></span> <span class='ocrx_word' id='word_1_458' title='bbox 261 4680 397 4740; x_wconf 79' lang='lat' dir='ltr'>movetur,</span> <span class='ocrx_word' id='word_1_459' title='bbox 409 4690 461 4727; x_wconf 81' lang='lat' dir='ltr'>vox</span> <span class='ocrx_word' id='word_1_460' title='bbox 470 4689 563 4741; x_wconf 85' lang='lat' dir='ltr'>propr.</span> <span class='ocrx_word' id='word_1_461' title='bbox 579 4672 623 4725; x_wconf 82' lang='lat' dir='ltr'>lnr</span> <span class='ocrx_word' id='word_1_462' title='bbox 674 4673 689 4731; x_wconf 68' lang='grc' dir='ltr'>ξ</span> <span class='ocrx_word' id='word_1_463' title='bbox 707 4670 741 4720; x_wconf 81' lang='grc'>50</span> <span class='ocrx_word' id='word_1_464' title='bbox 760 4668 923 4735; x_wconf 85' lang='lat' dir='ltr'>cogitatione</span> <span class='ocrx_word' id='word_1_465' title='bbox 948 4663 1183 4730; x_wconf 89' lang='lat' dir='ltr'>comprehendere.</span> <span class='ocrx_word' id='word_1_466' title='bbox 1204 4690 1236 4698; x_wconf 96' lang='lat'>—</span> 
     </span>
    </p>
   </div>
   <div class='ocr_carea' id='block_1_10' title="bbox 57 4733 1239 4815">
    <p class='ocr_par' dir='ltr' id='par_1_14' title="bbox 57 4733 1239 4815">
     <span class='ocr_line' id='line_1_69' title="bbox 57 4733 1239 4815; baseline -0.014 -11"><span class='ocrx_word' id='word_1_467' title='bbox 57 4746 253 4815; x_wconf 74' lang='lat' dir='ltr'>dieamrung,</span> <span class='ocrx_word' id='word_1_468' title='bbox 262 4745 310 4799; x_wconf 84' lang='lat' dir='ltr'>des</span> <span class='ocrx_word' id='word_1_469' title='bbox 319 4743 566 4813; x_wconf 81' lang='lat' dir='ltr'>Ergriffenuerden</span> <span class='ocrx_word' id='word_1_470' title='bbox 575 4742 623 4796; x_wconf 86' lang='lat' dir='ltr'>des</span> <span class='ocrx_word' id='word_1_471' title='bbox 675 4739 838 4807; x_wconf 78' lang='lat' dir='ltr'>formam—</span> <span class='ocrx_word' id='word_1_472' title='bbox 846 4736 893 4805; x_wconf 70' lang='lat' dir='ltr'>fig.</span> <span class='ocrx_word' id='word_1_473' title='bbox 906 4735 990 4788; x_wconf 86' lang='lat' dir='ltr'>Belde</span> <span class='ocrx_word' id='word_1_474' title='bbox 1000 4735 1156 4801; x_wconf 70' lang='lat' dir='ltr'>synonyma</span> <span class='ocrx_word' id='word_1_475' title='bbox 1168 4733 1239 4788; x_wconf 84' lang='lat' dir='ltr'>ohne</span> 
     </span>
    </p>
   </div>
   <div class='ocr_carea' id='block_1_11' title="bbox 0 0 1378 5190">
    <p class='ocr_par' dir='ltr' id='par_1_15' title="bbox 0 0 1378 5190">
     <span class='ocr_line' id='line_1_70' title="bbox 0 0 1378 5190; baseline 0 0"><span class='ocrx_word' id='word_1_476' title='bbox 0 0 1378 5190; x_wconf 95' lang='lat' dir='ltr'> </span> 
     </span>
    </p>
   </div>
  </div>
 </body>
</html>
