2746 5190
453 725 582 790 arnan
604 726 655 790 ιιι
688 725 705 810 s
730 731 879 792 ro-na
1191 733 1250 792 mr

66 858 167 922 rebus
189 859 367 924 Alexandri
393 862 560 941 prosperis
591 863 734 944 angitur,
765 864 877 945 itaque
907 863 987 927 dicit
1015 862 1249 928 Callisthenem

67 944 225 1009 incidisse
248 945 466 1010 inhominem
490 966 616 1011 summa
637 950 786 1029 potentia
809 967 999 1029 summaque
1022 947 1168 1028 fortuna,
1193 949 1250 1012 sed

67 1029 218 1111 ignarum
242 1049 338 1111 quem
361 1031 549 1110 admodum
565 1033 664 1097 rebus
681 1035 832 1098 secundis
849 1035 897 1097 uti
916 1034 1112 1098 conveniret.
1148 1034 1250 1115 Atqui

67 1115 382 1195 quemadmodum
406 1119 629 1182 misericordia
652 1120 822 1200 aegritudo
847 1124 897 1184 est
925 1139 964 1184 ex
987 1119 1123 1182 alterius
1152 1119 1249 1183 rebus

66 1201 228 1280 adversis,
252 1202 298 1264 sic
321 1202 503 1267 invidentia
529 1204 699 1285 aegritudo
721 1209 771 1269 est
795 1224 833 1269 en
855 1205 990 1268 alterius
1013 1205 1111 1268 rebus
1135 1223 1250 1268 secun-

67 1286 136 1366 dis;
158 1286 192 1350 in
215 1305 311 1368 quem
335 1289 437 1368 igitur
459 1290 547 1353 cadit
570 1291 732 1369 misereri,
755 1291 790 1354 in
808 1290 947 1354 cundem
970 1290 1069 1355 etiam
1086 1290 1250 1369 invidore;

68 1390 134 1435 non
158 1372 245 1436 eadit
267 1378 376 1437 autem
400 1374 546 1439 invidere
569 1375 603 1438 in
626 1376 820 1456 sapientem:
846 1394 921 1456 ergo
945 1394 986 1439 ne
1009 1376 1158 1440 misereri
1180 1375 1250 1457 qui-

67 1457 151 1521 dem.
198 1457 291 1534 Quod
314 1459 342 1522 si
365 1477 460 1541 aegre
484 1459 570 1524 ferre
593 1461 723 1542 sapiens
746 1462 879 1540 soleret,
905 1461 1053 1525 misereri
1077 1461 1175 1524 etiam
1199 1479 1249 1525 so-

66 1543 163 1607 leret:
186 1542 281 1607 abest
305 1563 380 1625 ergo
405 1565 424 1608 a
448 1546 597 1626 sapiente
621 1546 801 1626 aegritudo.

173 1628 227 1696 22.
258 1629 347 1694 Haec
370 1630 417 1710 sic
440 1630 593 1695 dicuntur
616 1651 634 1695 a
654 1631 772 1696 Stoicis
794 1631 1097 1712 concludunturque
1121 1636 1249 1695 contor-

64 1713 148 1794 tius,
173 1714 231 1778 sed
252 1715 353 1778 latius
376 1716 545 1797 aliquanto
570 1717 708 1781 dicenda
731 1721 807 1780 sunt
831 1720 863 1780 et
887 1715 1050 1796 diffusius,
1076 1717 1249 1781 sententiis

64 1802 177 1863 tamen
200 1800 358 1864 utendum
388 1820 498 1865 eorum
520 1803 741 1881 potissimum,
773 1802 828 1882 qui
858 1802 996 1866 maxime
1026 1801 1103 1865 torti
1136 1806 1181 1880 et,
1213 1807 1250 1865 ut

65 1884 114 1949 ita
138 1884 256 1963 dicam,
287 1886 376 1949 virili
406 1890 545 1950 utuntur
565 1888 693 1952 ratione
723 1892 822 1968 atque
853 1888 1030 1951 sententia:
1062 1906 1137 1950 nam
1159 1888 1249 1951 Peri-

64 1971 215 2051 patetici,
239 1970 419 2036 familiares
441 1973 559 2052 nostri,
584 1974 703 2054 quibus
726 1973 808 2036 nihil
832 1977 882 2037 est
900 1972 1048 2051 uberim,
1072 1972 1154 2036 nihil
1178 1991 1250 2036 eru-

65 2055 178 2135 ditius,
201 2056 285 2120 nihil
305 2058 445 2137 gravius,
469 2057 711 2122 mediocritates
731 2057 784 2122 vel
799 2058 1083 2139 perturbationum
1099 2059 1151 2122 vel
1167 2076 1251 2122 mor-

64 2140 183 2205 borum
213 2143 313 2206 animi
343 2143 423 2206 mihi
454 2162 519 2207 non
551 2162 630 2208 sane
660 2143 809 2225 probant.
863 2143 966 2207 Omne
1001 2144 1086 2207 enim
1119 2145 1249 2223 malum,

65 2226 167 2292 etiam
188 2227 364 2308 mediocre,
395 2229 516 2292 malum
540 2234 605 2310 est;
637 2248 696 2293 nos
719 2233 829 2293 autem
859 2228 893 2291 id
921 2229 1063 2310 agimus,
1094 2234 1130 2293 ut
1160 2229 1194 2292 id
1217 2231 1250 2292 in

66 2312 217 2393 sapiente
241 2313 367 2377 nullum
390 2315 433 2378 sit
456 2315 596 2378 omnino.
641 2315 725 2378 Nam
747 2319 784 2377 ul
807 2331 938 2394 corpus,
963 2316 1061 2378 etiam
1085 2315 1112 2377 si
1128 2314 1250 2378 medio-

65 2397 167 2462 criter
182 2417 315 2480 aegrum
332 2403 390 2478 est,
415 2418 530 2464 sanum
547 2419 612 2464 non
629 2404 688 2479 est,
713 2400 760 2464 sie
781 2400 815 2462 in
831 2399 939 2462 animo
962 2398 1027 2463 ista
1042 2400 1251 2463 mediocritas

66 2487 158 2548 caret
181 2486 332 2549 sanitate.
377 2485 494 2566 ltaque
516 2485 685 2566 praeclare
708 2488 827 2563 nostri,
856 2488 893 2547 ut
916 2485 981 2547 alia
1003 2486 1119 2563 multa,
1150 2485 1250 2548 mole-

64 2569 172 2649 stiam,
196 2571 461 2650 sollioitudinem,
484 2590 638 2652 angorem
658 2575 794 2652 propter
810 2570 1058 2634 similitudinem
1078 2589 1248 2651 corporum

63 2674 235 2736 aegrorum
258 2656 495 2735 aegritudinem
517 2658 775 2722 nominaverunt.
820 2654 876 2722 23.
899 2655 970 2719 Hoc
992 2674 1094 2736 prope
1116 2657 1248 2720 modum

62 2741 163 2805 verbo
187 2740 305 2806 Graeci
328 2761 454 2806 omnem
484 2743 584 2806 animi
607 2742 888 2823 perturbationem
916 2743 1101 2822 appellant;
1132 2744 1250 2805 vocant

64 2826 152 2891 enim
172 2829 293 2908 πάθος,
322 2828 357 2892 id
380 2832 430 2893 est
452 2827 616 2908 morbum,
647 2828 843 2910 quicumque
874 2830 924 2890 est
945 2831 1053 2891 motus
1082 2827 1117 2891 in
1140 2827 1247 2891 animo

62 2983 544 3054 FreundKallisthenesausOlynth.
562 2986 625 3039 Die·
677 2985 761 3039 Sinna
788 2983 885 3049 fusius,
914 2982 989 3048 (fuse
1014 2990 1042 3036 et
1065 2984 1121 3036 late
1145 2982 1245 3048 dicere,

63 3070 109 3109 ser
121 3055 266 3123 begleitete
278 3056 372 3109 seinen
385 3055 553 3122 ehemaligen
564 3056 625 3108 Mit-
676 3055 787 3108 uberius
811 3058 838 3106 et
859 3052 946 3106 fusius
970 3052 1132 3120 exponere).
1163 3052 1245 3105 Doch

62 3124 173 3178 schdler
189 3124 347 3178 Alexander
367 3122 417 3178 aul
431 3125 533 3178 seinem
551 3125 626 3192 Zuge
676 3124 729 3191 vgl.
742 3121 775 3175 de
787 3122 841 3174 inv.
854 3121 913 3175 198
932 3122 1099 3175 enumeratio
1119 3128 1178 3187 est,
1197 3137 1248 3189 per

62 3195 135 3247 nach
147 3193 267 3260 Persian,
280 3193 371 3247 wurde
384 3192 457 3259 aber,
471 3195 511 3246 als
525 3209 555 3247 er
568 3192 626 3246 sich
677 3207 757 3260 quam
780 3205 825 3244 res
848 3191 970 3257 disperse
989 3197 1016 3244 et
1034 3189 1131 3243 diffuse
1156 3191 1246 3243 dictae

61 3262 626 3399 hardaltlltltltthhatstlat
676 3261 1106 3384 untblldltuhtllutlit'i
1123 3264 1246 3382 theth

63 3406 158 3468 secate,
174 3372 627 3453 derTheilnahmeaneiuerVer·
677 3428 711 3438 -
729 3401 773 3453 ist.
801 3426 834 3435 -
860 3367 972 3462 ²corrant,
997 3396 1046 3449 der
1071 3397 1188 3449 Stoiker.
1215 3424 1248 3434 -

61 3467 415 3536 schwdrungbezichtigtu.
428 3467 478 3521 auf
488 3468 535 3520 das
548 3484 626 3536 grau·
679 3469 782 3537 quibus
805 3467 878 3520 nibil
902 3466 930 3519 ff.
960 3465 1003 3519 die
1028 3479 1062 3518 au
1087 3464 1246 3522 Godanken-

60 3536 363 3605 samstehingerichtet.
392 3537 466 3591 Curt.
476 3537 541 3590 VIII
550 3537 574 3604 8,
583 3538 626 3603 21,
677 3538 843 3604 reichthum,
862 3534 1092 3601 Gelehrsamkeit,
1118 3536 1248 3588 Ansehen

59 3606 170 3660 Arrian.
184 3605 281 3674 exped.
290 3607 369 3659 Alex.
378 3607 417 3661 IV
429 3606 470 3660 14.
492 3634 524 3642 —
544 3607 626 3674 oapi·
677 3607 740 3661 Allo
758 3605 919 3674 hberragen.
948 3603 1112 3657 Aehnliches
1129 3603 1189 3657 Lob
1207 3619 1251 3658 er·

60 3680 119 3742 tur,
144 3677 218 3730 kann
239 3675 297 3729 sich
314 3676 391 3730 nicht
408 3681 528 3742 trdsten,
551 3677 628 3730 nicht
679 3677 760 3730 theilt
784 3690 815 3728 er
833 3674 885 3728 den
903 3673 1136 3740 Peripatetikern,
1161 3672 1249 3727 denen

58 3744 202 3799 autlieden
223 3744 318 3812 geben.
342 3773 377 3782 -
401 3744 625 3813 aegrotare:
680 3761 711 3798 er
736 3743 821 3798 selbst
848 3744 889 3797 als
911 3742 1020 3797 Redner
1047 3741 1099 3794 viel
1128 3758 1162 3794 zu
1190 3758 1249 3796 ver-

60 3815 232 3883 aegritudine
250 3812 336 3883 asfid,
354 3814 403 3868 wie
421 3819 436 3878 ξ
456 3814 497 3868 62.
679 3814 787 3867 danken
807 3813 898 3880 hatte,
924 3812 985 3865 Fin.
1005 3810 1030 3864 V
1049 3811 1074 3862 7.
1110 3811 1192 3878 athal,
1215 3828 1249 3864 zu

96 3898 256 3968 §pp-23,
293 3900 517 3969 porbemerkung
540 3901 626 3968 cia’s,
678 3883 732 3936 15.
751 3910 783 3919 -
802 3881 1065 3947 mediore-pert,
1086 3881 1247 3948 gemtssigte

59 3969 125 4024 dass
144 3985 173 4024 er
191 3971 219 4023 in
232 3969 281 4022 der
297 3970 502 4025 ausftihrlichen
514 3971 627 4025 Erbrte·
680 3952 715 4022 S·‚
734 3969 768 4006 ΖΠ
781 3956 795 4016 ἓ
810 3951 842 4004 ll
860 3951 1072 4005 med¹⁰⁰l¹latem
1086 3948 1246 4003 ⁰ffi⁰¹0fflf¹h

58 4055 131 4106 rung
147 4040 237 4093 seinos
257 4040 374 4093 Thomas
393 4040 468 4094 nicht
487 4039 538 4093 den
551 4041 626 4093 Peri·
678 4022 772 4102 Vgl.·§
792 4021 833 4074 74·
860 4050 893 4060 -
921 4018 1064 4104 vest-vti,
1087 4035 1122 4099 21}
1140 4019 1197 4099 13..
1214 4047 1247 4055 ··

57 4109 228 4178 patetikerm
248 4124 339 4177 wegen
357 4109 405 4162 uer
418 4109 628 4163 wercnncmea
678 4091 926 4178 alat-prauam,
950 4091 1060 4142 konnen
1082 4089 1153 4140 mon
1172 4088 1248 4141 num

58 4194 87 4232 u.
99 4178 303 4245 Inconsequenz
320 4179 394 4232 ihrer
406 4179 496 4232 Lehre
510 4194 563 4232 von
575 4177 627 4231 den
678 4160 862 4228 flbffl'zeugesst
890 4176 938 4212 ΖΗΓ
967 4158 1110 4212 Affllthmss
1137 4173 1189 4210 V⁰¹1
1215 4185 1247 4194 ··

58 4246 260 4303 mediocritates
286 4247 537 4315 perturbationum,
565 4262 626 4300 son·
678 4230 827 4310 bellete&
850 4228 941 4283 Utber
960 4241 1102 4306 ”Olbiam
1119 4226 1245 4279 zum·

59 4318 128 4372 dern
149 4315 200 4369 den
219 4315 348 4370 Stoikern
371 4315 462 4384 folgen
487 4317 572 4371 welle.
592 4345 626 4353 -
677 4328 712 4337 “
730 4299 761 4352 ld
777 4314 900 4367 ⁶⁶92er
918 4300 1044 4362 at-srt,
1064 4301 1130 4349 Stati
1143 4302 1247 4375 utpro-

58 4384 151 4440 coucl.
171 4386 340 4451 contortius,
359 4386 482 4455 tadelnd,
507 4386 535 4438 in
553 4386 626 4439 allzu
676 4369 889 4423 befflU⁸*0⁵⁵e·
908 4395 941 4403 -
965 4365 1247 4445 'lullum-Ottlltllwr

57 4455 254 4525 geschraubter
281 4454 464 4523 Schlussfolge
489 4462 625 4523 vorgetra-
677 4454 712 4491 ²¹1
728 4438 783 4491 15·
807 4466 841 4476 ··
865 4437 970 4504 statut
987 4436 1015 4487 ff·
1042 4435 1081 4488 Es
1100 4432 1246 4525 f⁰lgtrelss⁰

58 4539 111 4593 gen
130 4524 246 4577 werden.
277 4523 338 4590 Vgl.
357 4521 372 4591 §
392 4524 424 4576 13
443 4524 562 4577 breviter
580 4524 625 4577 ad·
678 4524 881 4592 Vergleichung
917 4522 966 4575 der
998 4523 1110 4576 Wdrter
1138 4505 1247 4576 παθθς

57 4594 193 4660 stringere
216 4600 376 4660 argumenta
405 4609 431 4645 u.
456 4591 540 4646 1142
564 4608 626 4647 con·
678 4609 706 4646 u.
725 4593 878 4662 aegritudo.

57 4662 455 4717 tumulis-conclusiunculis.
481 4689 515 4699 -
541 4662 626 4728 diffu-
726 4667 742 4726 ξ
765 4661 808 4715 23.
843 4657 1095 4725 idest,zu175.
1124 4686 1156 4694 -
1186 4658 1247 4723 qui-

60 4732 135 4801 stus,
147 4730 332 4801 weltltufiger,
347 4729 472 4801 htufiger
484 4732 513 4785 in
526 4731 627 4785 diesem
680 4745 797 4799 cumque
819 4730 957 4785 erfordert
980 4734 1053 4782 stete
1069 4728 1120 4778 ein
1129 4727 1268 4779 herbum

1044 4810 1106 4865 ab*
