2746 5190
475 734 641 798 rrrsusr
674 734 691 817 a
716 740 865 799 rto-ea.
1198 742 1239 801 aa

10 893 12 955 j
66 870 271 951 signatarum
293 889 400 934 rerum
418 870 452 933 in
475 875 582 934 merite
597 871 758 951 vestigia?
801 871 890 949 Quae
905 876 1043 952 possunt
1062 872 1243 951 verborum,

66 975 151 1037 quae
175 975 284 1020 rerum
311 956 456 1036 ipsarum
486 975 558 1020 osse
580 957 734 1037 vestigia,
765 976 847 1038 quae
876 977 972 1038 porro
1002 962 1070 1021 tam
1096 959 1244 1022 inmensa

10 1074 12 1081 ·
66 1041 269 1123 magnitudo,
293 1061 376 1123 quae
399 1042 457 1105 illa
478 1047 546 1106 tarn
567 1043 670 1106 multa
692 1044 798 1123 possit
821 1042 996 1124 effingere?

174 1127 279 1204 Quid?
301 1128 373 1191 illa
396 1128 454 1191 vis
478 1147 561 1209 quae
582 1128 715 1201 tandei
738 1133 802 1226 est,
822 1149 919 1211 quae
941 1128 1161 1208 investigat
1183 1146 1244 1191 oo-

67 1211 188 1292 oulta,
213 1232 295 1295 quae
311 1213 455 1277 inventio
479 1219 577 1294 atque
594 1200 704 1294 eicbgr
721 1196 787 1363 afro
803 1199 943 1307 'dicitur‘l
987 1215 1041 1283 62.
1075 1214 1122 1275 Ex
1140 1214 1243 1277 hacne

65 1298 128 1361 tibi
150 1304 283 1363 terrena
305 1300 501 1380 mortalique
523 1304 641 1363 natura
665 1304 697 1363 et
713 1308 736 1364 'o
751 1286 1022 1365 hirti'tonereta
1045 1319 1082 1364 ea
1104 1300 1243 1378 videtur,

66 1388 124 1448 aut
141 1386 197 1465 qui
215 1386 353 1466 primuS,
377 1386 463 1465 quod
480 1404 624 1449 summae
645 1386 826 1465 sapientiae
841 1388 1043 1468 Pythagorae
1063 1386 1167 1449 visum
1184 1388 1243 1464 est,

10 1483 12 1543 ξ
66 1470 218 1535 omnibus
241 1472 339 1535 rebus
369 1471 525 1551 imposuit
548 1471 692 1550 nomina,
724 1477 781 1536 aut
810 1474 866 1553 qui
893 1473 1069 1553 dissipatos
1097 1471 1243 1535 homines

65 1558 277 1637 congregavit
300 1557 396 1622 etad
423 1557 612 1621 societatem
639 1558 727 1622 vitae
750 1559 952 1638 convocavit,
983 1563 1040 1622 aut
1067 1557 1122 1639 qui
1146 1575 1243 1621 sonos

10 1646 12 1719 j
66 1643 165 1721 vocis,
186 1643 242 1724 qui
257 1642 378 1707 infiniti
395 1643 597 1719 videbantur,
614 1644 727 1723 paucis
744 1644 927 1709 litterarum
943 1645 1029 1709 notis
1045 1643 1242 1722 terminavit,

64 1732 123 1793 aut
140 1728 196 1809 qui
213 1729 391 1793 errantium
415 1729 584 1792 stellarum
601 1747 729 1808 eursuS,
753 1731 1032 1811 praegressiones,
1056 1730 1243 1793 institiones

63 1815 215 1878 notavit?
248 1814 367 1879 Omnes
383 1815 506 1895 magni3
530 1816 628 1878 etiam
643 1816 838 1897 superiores,
861 1817 915 1898 qui
931 1816 1050 1897 fruges
1072 1815 1128 1896 qui
1143 1816 1243 1878 vesti-

63 2022 169 2090 philos.
187 2028 239 2075 tt.
259 2038 311 2075 von
330 2022 380 2075 den
393 2021 567 2075 Eindrbcken
580 2021 628 2074 der

65 2093 154 2158 Dinge
173 2091 221 2145 der
232 2094 402 2146 Aussenwelt
421 2090 470 2143 aui
481 2091 523 2143 die
537 2090 628 2156 Seele3

63 2160 260 2214 Fat.43visum
270 2161 403 2215 obiectum
413 2161 553 2227 imprimet
562 2160 628 2213 illud

65 2230 218 2299 quidemst
237 2233 313 2298 quasi
340 2232 466 2301 signabit
489 2231 516 2283 in
539 2230 627 2283 auimo

65 2316 141 2354 suam
161 2301 294 2367 speciem3
312 2301 374 2354 Nat.
389 2302 412 2354 d.
431 2302 444 2353 I
461 2299 495 2352 43
514 2299 586 2367 quod
599 2301 628 2351 in

64 2368 291 2424 omnium'animis
304 2371 415 2424 deorum
432 2371 568 2423 notionem
581 2370 627 2421 im·

64 2440 198 2507 presserit
222 2441 282 2507 ipsa
305 2448 410 2494 natura.
442 2441 497 2492 Zur
521 2438 628 2518 Constr.

64 2508 627 2656 liltldtlmalssia‘’stlitilmnll.

63 2646 130 2715 liger
147 2648 216 2701 vvird
229 2664 258 2702 es
271 2650 418 2703 construirt
434 2649 462 2701 in
475 2649 565 2714 aliquo
580 2649 626 2713 lal-

80 2734 117 2772 ua
134 2717 175 2783 re)
195 2719 312 2786 aliquam
331 2735 396 2772 rem.
418 2748 451 2756 -
471 2732 532 2770 asse
548 2734 624 2771 naam.

62 2734 99 2855 d,
117 2803 148 2841 es
166 2788 277 2841 bestehe
297 2788 344 2842 das
363 2789 395 2843 G.
414 2790 442 2843 in
460 2788 520 2841 dem
593 2818 625 2825 -

64 2872 137 2925 quac
150 2873 243 2924 porro
262 2856 289 2909 ff.
308 2859 358 2911 wie
376 2873 453 2926 gross
470 2863 569 2910 mdeste
583 2858 626 2911 dic

63 2927 241 2993 (sachsernel
260 2928 336 2981 Talel
355 2928 402 2982 des
417 2927 625 2981 Gedtchtnisses

61 2998 127 3065 sein,
145 2997 246 3051 welche
260 2997 302 3050 die
320 2997 476 3051 Eindruche
494 3012 524 3051 so
541 2998 625 3050 vieler

60 3066 148 3135 Dirige
157 3067 625 3134 ausprt.gen,viedergcbenkbnnte?

14 3140 18 3149 '
61 3150 134 3203 quac
147 3136 283 3203 -possit
292 3137 345 3203 eff,
358 3137 405 3190 mit
419 3137 565 3190 sinulieher
574 3136 625 3190 Be-

59 3206 168 3286 lebung,
183 3214 249 3260 statt
268 3207 299 3259 in
319 3223 375 3273 pau
391 3206 507 3273 possint
520 3206 623 3275 cffiapi.

99 3272 197 3344 Quid?
205 3275 258 3329 illo
266 3276 370 3343 oisff.2)
379 3276 420 3329 die
431 3275 624 3330 erfinderische

57 3360 85 3398 u.
95 3344 299 3413 schbpferische
306 3347 386 3400 Kraft
397 3346 531 3413 (inceptio
541 3350 625 3412 utprcc

58 3415 242 3484 excogitatio)
266 3417 312 3470 des
332 3417 436 3470 Geistes
453 3416 562 3469 beveist
580 3416 623 3469 dic

57 3484 239 3540 Gottlichkeit
248 3486 296 3539 der
306 3486 384 3539 Seele
395 3514 427 3523 -
437 3483 452 3552 ξ
462 3486 507 3553 64;
521 3500 542 3538 s.
553 3502 574 3538 c.
587 3484 622 3537 24

57 3572 81 3609 a.
93 3558 126 3609 A.
151 3553 248 3623 Quid?
259 3573 292 3609 zu
305 3560 319 3621 ξ
330 3556 363 3608 57
373 3557 496 3624 primurn.
509 3585 538 3592 -
553 3570 624 3622 quac

56 3626 158 3679 incest.
172 3654 206 3663 -
220 3641 291 3694 quac
303 3655 337 3663 -
349 3626 403 3678 dic.
422 3627 494 3680 Zwei
510 3627 559 3680 auf
569 3629 623 3680 ein-

57 3696 144 3749 ander
171 3694 297 3764 folgende
319 3696 500 3750 Relativsttze
527 3697 622 3749 stehen

56 3764 93 3819 im
110 3764 174 3819 Lat.
194 3766 380 3835 asyndetiscb,
399 3780 474 3818 ueuu
493 3765 540 3818 der
562 3767 622 3819 eine

57 3833 137 3889 einen
150 3836 349 3903 vvesentlichen,
368 3836 416 3888 der
429 3834 528 3888 andere
541 3836 622 3888 einen

58 3904 266 3959 accidentiellen
284 3906 383 3958 Zusatz
403 3905 516 3958 enth'alt.
552 3902 621 3972 So§

57 3974 103 4041 623
122 3974 291 4043 aroana
305 3975 374 4027 sou.
388 3981 414 4027 d.
430 3974 487 4028 Cat.
501 3991 534 4028 rn.
549 3975 621 4028 sain

57 4057 89 4098 eo
106 4044 187 4112 libro,
207 4046 252 4112 qui
272 4054 314 4098 est
331 4045 364 4097 de
382 4043 482 4098 tuenda
500 4059 529 4096 re
546 4044 620 4098 fami·

56 4112 128 4180 llari,
147 4115 192 4182 qui
209 4115 403 4168 Oeconomicus
419 4114 585 4167 inscribitur.

10 4236 13 4245 ·
90 4204 105 4263 ς
118 4200 162 4252 62,
181 4205 296 4266 potiare,
307 4201 384 4255 Stoff.
393 4230 422 4237 -
438 4205 489 4252 arat
501 4202 550 4267 pai
558 4201 621 4266 pri·

10 4299 14 4337 ·,
55 4284 117 4323 mus
136 4269 163 4323 ff.
193 4271 318 4339 Ergtnze
344 4273 412 4326 nach
436 4275 501 4323 aare:
529 4272 621 4324 eiusne

55 4340 160 4395 unimus
184 4355 218 4393 ex
241 4342 293 4394 hac
317 4341 365 4395 tibi
390 4350 500 4394 terrena
524 4349 622 4394 natura

55 4419 199 4464 concretus
216 4410 341 4464 videtur?
357 4440 389 4447 --
410 4425 532 4463 sarracenae
548 4426 621 4477 sap,

55 4480 98 4533 ein
134 4480 221 4533 Wcrlr
256 4481 304 4533 der
343 4483 475 4534 hochsten
511 4482 553 4535 W.
584 4510 618 4518 -

54 4548 154 4617 impos.
179 4564 252 4603 nom.
282 4550 322 4602 Zu
347 4551 424 4603 Cic’s
446 4551 506 4603 Zeia
529 4551 618 4605 wurde

55 4618 97 4673 die
115 4621 202 4674 sebon
221 4635 272 4672 von
292 4620 344 4672 den
359 4620 458 4686 griech.
472 4621 618 4675 Gelehrten

53 4686 217 4746 bebandelte
245 4688 405 4757 Streitlrage
432 4690 546 4744 viellcch
573 4692 617 4745 be-

54 4758 204 4829 sprocben,
229 4758 263 4813 ob
282 4758 325 4813 die
349 4760 552 4830 Benennungen
570 4761 618 4815 der

680 2022 766 2091 Dinge
793 2019 960 2107 (deppam,
988 2024 1083 2088 acrba,
1110 2021 1237 2087 caeruiae)

680 2108 764 2162 durch
783 2111 960 2163 vvillkdrliche
984 2111 1103 2177 Satzuug
1126 2108 1241 2192 (θέσει,

679 2195 745 2261 usu)
771 2197 835 2249 oder
847 2196 932 2249 durch
945 2197 1038 2249 innere
1053 2196 1241 2262 Nothvendig-

678 2266 735 2319 keit
753 2267 802 2319 auf
819 2267 997 2320 nathrlichem
1016 2268 1098 2339 Wegc
1121 2264 1239 2349 (φύσει,

678 2354 793 2413 natural
802 2352 1242 2417 cntstandenseien.D.Auhdnger

679 2422 727 2475 der
739 2431 844 2477 erstcrn
854 2424 968 2476 Ansicht
980 2424 1095 2476 nahmen
1108 2420 1185 2473 daboi
1197 2420 1237 2471 als

678 2493 786 2560 Princip
806 2493 848 2545 die
867 2489 1027 2573 ἀναλογία,
1039 2492 1125 2556 ratio,
1140 2489 1241 2542 dieder

677 2580 807 2643 letztern,
830 2578 990 2646 richtigern,
1009 2594 1061 2631 von
1086 2578 1164 2630 Plato
1188 2576 1240 2639 (im

677 2648 820 2716 Kratylosl
840 2665 865 2700 u.
885 2648 936 2701 den
960 2647 1087 2701 Stoikern
1112 2653 1241 2699 vertrete-

678 2733 730 2771 nen
749 2718 791 2771 die
809 2714 979 2799 ἀνωμαλία,
1002 2716 1175 2770 consrictado
1196 2730 1240 2768 an.

678 2834 712 2842 -
735 2804 837 2872 dissip.
849 2819 983 2872 -conpa
1000 2820 1026 2871 p.
1051 2804 1121 2858 Sest.
1141 2804 1174 2855 91
1193 2802 1240 2869 qui

677 2875 758 2943 primi
777 2877 876 2928 virtute
901 2880 928 2926 ct
953 2874 1065 2928 consilio
1086 2871 1239 2940 praestanti

678 2945 848 3010 exst'terunt,
867 2946 892 2997 ei
903 2972 931 2979 —
942 2943 1089 3011 dissipatos
1107 2959 1189 2996 unum
1209 2942 1238 2993 in

676 3015 764 3067 locum
783 3020 982 3081 congregarunt
1004 3028 1105 3080 eosque
1124 3027 1158 3065 ex
1176 3011 1239 3065 feri-

677 3090 732 3137 tate
750 3085 798 3138 illa
815 3083 848 3137 ad
865 3082 997 3135 iustitiam
1015 3090 1096 3150 atque
1119 3083 1152 3135 ad
1165 3096 1239 3134 mau-

677 3154 842 3207 suetudinem
855 3152 1076 3205 transduxerunt.
1088 3180 1120 3189 -
1131 3153 1169 3205 ud
1181 3166 1237 3204 soc.

675 3224 724 3277 cit.
742 3239 776 3276 zu
794 3224 880 3276 einem
898 3221 1044 3289 geselligen
1064 3222 1165 3275 haben.
1200 3222 1239 3273 Im

675 3293 736 3346 Lat.
756 3292 804 3345 das
824 3291 913 3345 Subst.
934 3290 1054 3344 societas
1081 3307 1173 3358 vogen
1192 3292 1238 3344 des

675 3361 820 3416 fehlenden
829 3360 903 3428 Adj.;
915 3377 947 3414 zu
958 3365 973 3424 ξ
986 3362 999 3412 1
1010 3361 1079 3415 ratio
1095 3368 1122 3413 et
1132 3361 1237 3427 discipl.

675 3434 699 3486 V
717 3432 733 3484 5
752 3440 782 3485 tu
801 3431 993 3497 (philosophia)
1019 3431 1164 3496 dissipatos
1189 3430 1237 3482 ho·

674 3503 759 3555 mines
772 3503 799 3554 in
813 3502 969 3553 societatem
984 3500 1054 3553 vitae
1073 3501 1237 3553 convocasti.

675 3573 707 3625 de
727 3588 766 3626 or.
789 3571 801 3622 Ι
824 3570 857 3622 36
882 3569 948 3624 vird
972 3571 1094 3623 dasselbe
1121 3569 1168 3622 der
1186 3570 1236 3622 Be-

673 3639 865 3705 redtsamkeit‚
889 3655 940 3693 von
964 3640 1093 3693 Horatius
1113 3640 1163 3705 lad
1180 3640 1235 3694 Pis.

673 3713 723 3764 391
740 3711 768 3777 f.)
789 3710 837 3762 der
853 3709 950 3763 Poesie
967 3711 1184 3777 zugescbrieben.
1202 3739 1235 3748 -

673 3786 724 3835 erit
742 3780 791 3847 qui
809 3795 895 3833 sorios
914 3777 942 3830 ff.
960 3780 1080 3846 Replll
1096 3780 1236 3833 assimili

672 3858 761 3905 mente
779 3849 860 3915 vocis,
880 3850 925 3916 qui
945 3849 1106 3904 videbantur
1127 3849 1235 3915 infiniti,

673 3921 740 3988 soni,
759 3920 853 3986 paucis
871 3920 943 3973 notis
961 3919 1084 3986 inventio,
1104 3927 1167 3973 suut
1180 3936 1234 3973 orn·

672 4006 720 4044 nes
738 3989 837 4057 signati
855 3997 882 4042 et
895 3990 1025 4056 expressi.
1035 4017 1068 4025 —
1080 3990 1161 4043 litter.
1174 3996 1233 4045 aot.

672 4058 1234 4115 tormaulSchriitzeichenzurtcktdhrte.

674 4160 706 4169 -
715 4145 841 4198 praepa,
859 4129 926 4181 ipat.
945 4129 1103 4197 Asyndeton
1121 4147 1169 4183 zur
1187 4136 1234 4184 nt·

673 4203 740 4255 hern
753 4200 909 4266 Erkliuung
926 4214 979 4251 von
997 4216 1108 4252 eureus.
1132 4201 1233 4257 Natd.

672 4271 698 4323 Il
725 4269 774 4321 103
799 4271 941 4336 (vagarum
965 4271 1119 4338 stellarum)
1144 4279 1233 4324 motus

672 4348 728 4394 tum
736 4339 890 4405 incitantur,
898 4339 1233 4407 tumretardantur,saepe

673 4411 753 4463 etiarn
777 4409 913 4461 insistunt.
941 4410 992 4461 Die
1009 4410 1168 4463 Ausdrucke
1188 4411 1232 4462 be·

671 4481 767 4533 ziehcn
793 4479 851 4531 sich
878 4477 926 4531 auf
947 4477 989 4530 die
1008 4479 1165 4532 schcinbare
1181 4481 1232 4532 Be·

670 4547 973 4617 vvegungderPlaneten
983 4548 1066 4600 durch
1074 4548 1125 4601 don
1137 4549 1231 4602 Thier„

670 4622 751 4674 kreis.
772 4648 803 4655 —
827 4617 927 4671 Onrrrcs
952 4618 1062 4685 saepiri,
1084 4619 1173 4672 lauter
1191 4636 1231 4687 gr.

669 4691 706 4744 Μ.
726 4719 756 4726 -
778 4688 955 4755 superiores,
977 4708 1005 4732 =
1027 4689 1072 4755 qui
1093 4689 1230 4757 prioribus

669 4759 836 4828 temporibus
865 4758 998 4811 vixerunt.
1034 4758 1153 4823 ercitum,
1181 4761 1230 4815 Be·

1024 4845 1060 4901 ·4
