2760 5018
146 500 208 560 278
373 494 723 561 TuseULANARUM
745 494 1100 560 DISPUTATIONUM

146 630 202 699 74.
224 630 292 695 Nec
313 649 389 696 vero
412 629 470 695 illa
492 628 555 695 sibi
577 629 720 695 remedia
743 630 941 712 comparavit
967 629 1009 693 ad
1035 629 1253 695 tolerandum
1275 602 1328 695 do:

146 718 261 794 loram,
293 715 479 780 firmitatem
506 715 619 795 animi,
650 716 865 797 turpitudinis
892 715 1136 789 verecundiam,
1172 716 1326 780 exercita-

146 803 270 867 tionem
300 800 632 883 consuetudinemque
662 802 823 883 patiendi,
859 801 1052 885 [praecepta
1085 800 1326 885 fortitudinia]

148 888 304 953 duritiam
332 888 472 964 virilem,
503 886 560 951 sed
590 906 656 951 una
687 906 721 952 se
750 888 830 952 dicit
859 887 1085 952 recordatione
1113 887 1328 968 adquiescere
1362 895 1374 957 l

148 974 400 1056 praeteritarum
422 973 652 1054 voluptatium,
683 977 720 1037 ut
744 974 771 1037 si
794 974 867 1054 quis
895 978 1063 1052 aestuans,
1092 991 1167 1037 erun
1190 973 1262 1037 vim
1284 992 1328 1037 ca·
1370 974 1374 1049 'j

150 1060 229 1124 loris
260 1077 325 1122 non
355 1057 451 1123 facile
484 1058 643 1139 patiatur,
676 1060 839 1124 recordari
873 1059 953 1123 velit
983 1076 1055 1122 sese
1087 1058 1275 1139 aliquando
1300 1058 1328 1123 in

148 1144 301 1226 Arpinati
333 1149 444 1208 nostro
478 1144 596 1225 gelidis
630 1142 817 1209 fluminibus
850 1144 1080 1208 circumfusum
1110 1143 1237 1226 fuisse3
1271 1163 1328 1209 non
1372 1208 1374 1215 ,

151 1232 237 1297 euim
259 1230 367 1309 video,
399 1248 462 1311 quo
489 1229 584 1294 modo
614 1230 728 1295 sedare
755 1230 883 1311 possint
911 1231 996 1294 mala
1023 1230 1216 1311 praesentia
1241 1249 1327 1312 prae·
1362 1258 1366 1273 ·

150 1317 271 1382 teritae
294 1317 489 1395 voluptates.
533 1315 587 1382 75.
612 1314 676 1379 Sed
699 1335 770 1380 cum
793 1317 821 1380 is
845 1317 932 1380 dicat
955 1334 1082 1396 semper
1104 1316 1245 1380 beatum
1266 1334 1329 1381 esse
1363 1329 1374 1391 r,

151 1403 346 1484 sapientem,
370 1402 422 1465 cui
446 1401 553 1465 dicere
575 1401 649 1479 hoc,
674 1402 702 1465 si
726 1402 789 1466 sibi
811 1407 960 1466 constare
983 1401 1095 1479 vellet,
1118 1421 1188 1465 non
1208 1403 1330 1480 liceret,
1372 1408 1374 1413 '

152 1489 306 1572 quidnam
336 1487 521 1552 iaciendum
552 1492 601 1552 est
630 1487 685 1566 iis,
721 1488 776 1568 qui
806 1487 887 1551 nihil
917 1487 1148 1568 expetendum,
1183 1488 1273 1552 nihil
1301 1488 1331 1551 in

150 1575 245 1640 bonis
259 1574 451 1651 ducendum,
466 1574 553 1655 quod
568 1574 739 1638 honestate
755 1578 872 1654 careat,
886 1574 1105 1638 existumant?
1127 1572 1183 1638 Me
1200 1574 1331 1655 quidem

153 1666 285 1726 auctore
309 1661 407 1725 etiam
426 1659 637 1740 Peripatetici
659 1663 851 1741 ueteresque
873 1658 1059 1723 Academici
1081 1658 1255 1724 balbutire
1278 1659 1332 1723 ali·
1367 1664 1374 1743 l

157 1746 286 1829 quando
303 1747 454 1810 desinant
469 1750 647 1827 aperteque
663 1750 695 1810 et
712 1746 799 1809 clara
819 1764 897 1810 voce
913 1744 1055 1809 audeant
1075 1744 1183 1810 dicere
1202 1745 1335 1811 beatam

153 1834 254 1897 vitam
271 1833 304 1895 in
316 1831 500 1895 Phalaridis
516 1836 647 1895 taurum
659 1832 897 1896 descensuram.
931 1830 1064 1895 XXVII.
1087 1830 1142 1898 76.
1160 1830 1240 1895 Sint
1252 1831 1335 1895 enim

154 1919 219 1983 tria
235 1936 353 1998 genera
367 1916 540 1996 bonorum,
563 1917 679 1980 utiam
702 1936 721 1980 a
737 1918 864 1998 laqueis
881 1916 1075 1995 Stoicorum,
1099 1917 1223 1997 quibus
1241 1935 1336 1981 usum

154 2022 206 2068 me
228 2002 378 2084 pluribus
401 2020 497 2083 quam
525 2001 613 2067 soleo
640 2002 809 2083 intellege,
840 2002 1042 2081 recedamus,
1074 2002 1140 2066 sint
1169 2021 1254 2068 sane
1281 2002 1337 2067 illa

161 2108 280 2172 genera
301 2088 473 2167 bonorum,
497 2087 573 2151 dum
589 2088 733 2169 corporis
757 2093 789 2153 et
804 2094 937 2153 externa
957 2089 1085 2152 iaceant
1099 2088 1190 2152 humi
1216 2094 1253 2154 et
1267 2094 1337 2153 tan·
1372 2104 1374 2157 i

155 2181 225 2240 tum
246 2175 357 2253 modo,
389 2173 465 2255 quia
488 2173 645 2237 sumenda
668 2173 748 2253 sint,
776 2176 985 2256 appellentur
1006 2174 1105 2253 bona,
1136 2174 1204 2238 alia
1228 2179 1338 2239 autem
1372 2166 1374 2193 '

158 2262 216 2326 illa
246 2261 356 2324 divina
384 2261 481 2341 longe
507 2260 638 2343 lateque
669 2278 703 2324 se
732 2261 879 2340 pandant
907 2260 1096 2341 caelumque
1126 2260 1337 2342 contingant:

162 2367 200 2412 ea
223 2348 278 2428 qui
301 2346 439 2427 adeptus
458 2346 514 2424 sit,
538 2364 595 2409 cur
617 2364 690 2410 eum
705 2345 837 2410 beatum
852 2347 947 2411 modo
971 2352 1003 2410 et
1026 2364 1090 2410 non
1108 2345 1338 2410 beatissimum

159 2435 258 2498 etiam
281 2432 437 2496 dixerim?
480 2431 634 2496 Dolorem
663 2450 739 2496 vero
771 2433 901 2514 sapiens
933 2432 1142 2497 extimescet?
1185 2432 1222 2495 ls
1255 2431 1338 2496 enim

158 2520 235 2583 huic
257 2519 393 2582 maxime
411 2518 593 2582 sententiae
608 2524 785 2599 repugnat3
808 2538 883 2583 nam
905 2522 1017 2582 contra
1032 2521 1170 2582 mortem
1190 2521 1338 2582 nostram

158 2611 257 2687 atque
277 2608 462 2668 nostrorum
482 2608 660 2684 contraque
676 2605 914 2684 aegritudinem
935 2609 967 2668 et
982 2603 1126 2684 reliquas
1146 2602 1252 2666 animi
1267 2622 1338 2684 per·

156 2757 714 2824 iudiciumnonmultumdiffert3zu12.-
766 2762 841 2814 nicht
865 2761 909 2813 die
933 2760 1113 2828 qualvollsten
1132 2758 1261 2814 blartern
1280 2759 1334 2813 die·

99 2860 105 2873 ·
156 2830 286 2886 obliuisci
292 2829 392 2895 -sci,
406 2829 481 2881 scine
492 2829 716 2897 Behenptungen.
767 2831 840 2885 selbe
858 2836 950 2883 storen
967 2830 1084 2882 konnen.

190 2916 265 2985 §ra
292 2914 542 2982 iecora-ouon.
560 2916 620 2983 ugr.
633 2915 671 2968 ιιι
683 2916 717 2969 aa
811 2900 934 2954 xxvru.
962 2897 977 2966 t
997 2899 1037 2980 ,76-
1066 2898 1124 2980 rig
1140 2913 1266 2981 reuera,
1285 2900 1338 2981 val·

156 3005 182 3041 u.
201 2991 311 3050 unten§
330 2986 371 3039 88.
392 3014 426 3023 —
446 2984 640 3053 adquiescere,
659 2987 717 3040 sich
767 2970 837 3035 §23
856 2998 887 3006 ·-
908 2969 1027 3050 laqueti)
1041 2968 1196 3037 Ssshllssgelb
1209 2970 1274 3023 1¹1⁰?
1289 2976 1337 3022 mli

156 3056 306 3123 beruhigen
324 3057 375 3123 bei,
393 3057 451 3109 sich
470 3056 611 3123 begnugen
628 3057 677 3110 mit
694 3072 716 3109 c.
766 3039 943 3121 b9³0¹¹dere¹⁸,
958 3039 1112 3123 bearehung
1138 3038 1336 3123 dffraufqdffl

156 3127 218 3181 App,
235 3142 262 3192 p,
273 3127 329 3179 Mp,
341 3127 391 3179 102
405 3126 450 3193 qui
462 3128 575 3179 maxime
589 3125 618 3177 p,
630 3125 717 3178 Clodii
768 3110 905 3163 dreselben
919 3108 960 3161 dre
973 3122 1086 3160 aussern
1098 3123 1124 3160 u.
1137 3110 1337 3176 korperhchen

155 3203 242 3251 morte
260 3195 430 3263 adquierunq
467 3195 596 3262 ngfiger
620 3195 667 3248 mit
685 3195 717 3246 p,
768 3179 853 3232 Gdter
865 3193 935 3231 zuar
945 3177 988 3230 fur
998 3178 1078 3230 keine
1089 3177 1175 3230 Gdter
1185 3180 1336 3245 erkl'arten,

157 3283 179 3321 c.
198 3266 260 3319 Abl.
275 3286 304 3311 =
319 3267 396 3319 Ruhe
414 3282 441 3318 u.
459 3263 648 3332 Befriedigung
669 3264 716 3317 fin·
768 3265 911 3319 aberdoch
921 3263 964 3317 fiir
975 3248 1157 3331 προηγμένα
1171 3266 1195 3331 (5
1211 3264 1248 3317 47
1262 3282 1339 3333 pree·

157 3337 210 3390 den
227 3353 251 3388 z.
269 3336 301 3388 B.
319 3336 347 3389 in
366 3336 474 3389 litteris.
492 3364 524 3372 -
549 3338 580 3386 el
599 3334 625 3386 si
643 3335 717 3401 qaia,
768 3336 867 3402 cipue).
887 3334 919 3387 de
933 3350 971 3387 or.
990 3336 1002 3387 I
1022 3332 1056 3383 43
1075 3333 1159 3387 Stoici
1179 3338 1271 3390 nostri
1285 3337 1338 3391 dis·

157 3423 191 3458 zu
204 3405 228 3458 Il
243 3406 284 3458 12,
300 3435 335 3442 -
353 3406 384 3458 ire
397 3405 537 3472 Arpinati
553 3409 661 3472 riost-o,
680 3420 717 3457 oc.
768 3406 937 3473 putationum
956 3420 1065 3458 suarum
1084 3412 1165 3471 atque
1182 3405 1337 3476 interroga-

159 3476 250 3529 fundo.
263 3476 394 3543 Arpinum
408 3476 453 3544 lag
464 3477 500 3529 im
511 3475 633 3543 Gebirge,
644 3477 720 3529 nicht
769 3476 871 3528 tionum
889 3475 994 3541 laqueis
1013 3481 1039 3526 te
1051 3474 1187 3527 irretitum
1199 3482 1337 3529 tenerent

157 3547 220 3599 weit
237 3560 289 3599 von
307 3545 356 3598 der
379 3545 519 3614 Mdndung
538 3543 584 3599 des
607 3546 718 3598 Flusses
769 3573 803 3582 -
815 3544 988 3610 recederem,
1006 3545 1075 3598 Sese.
1088 3544 1122 3596 55
1143 3546 1189 3598 sed
1203 3554 1238 3599 ut
1250 3562 1267 3600 a
1278 3562 1339 3600 mea

158 3615 292 3669 Fibrenus
316 3615 344 3668 in
362 3616 414 3669 den
430 3616 512 3669 Liris.
537 3615 598 3683 Vgl
617 3616 649 3668 de
667 3616 719 3682 leg.
770 3630 851 3669 eausa
863 3615 915 3668 iam
925 3614 1055 3669 recedam.
1070 3615 1136 3667 Drei
1144 3615 1239 3669 Verba
1248 3616 1338 3683 folgen

158 3686 183 3738 ll
203 3686 226 3737 1.
247 3713 279 3720 —
299 3685 379 3752 araim,
398 3686 426 3739 in
444 3685 493 3738 der
504 3686 583 3754 That,
600 3702 634 3737 zu
650 3685 718 3739 Ill.
769 3686 829 3740 hier
851 3685 1023 3739 unmittelbar
1048 3683 1097 3737 auf
1119 3685 1269 3754 einander,
1289 3689 1338 3741 wie

159 3786 192 3794 -
211 3755 302 3822 uideo,
318 3756 367 3808 wie
385 3756 398 3808 l
416 3754 459 3807 41.
770 3757 803 3810 de
822 3772 860 3809 or.
878 3757 892 3808 I
910 3756 960 3806 llll)
979 3757 1001 3807 si
1020 3762 1055 3821 te,
1074 3754 1127 3806 nisi
1146 3755 1249 3824 omnia,
1267 3773 1337 3825 quac

201 3826 280 3897 §la
317 3842 379 3879 cum
403 3825 477 3908 isli.
514 3826 604 3880 Ueber
631 3826 718 3879 dieses
769 3828 920 3908 percontati
943 3827 1056 3905 erimus,
1080 3823 1243 3905 explicaris,
1263 3828 1339 3882 dimi·

159 3902 467 4033 alteritate?
480 3896 719 4020 {lubiadem
770 3900 1129 4020 {damabio-adtira?
1149 3898 1339 4021 abach?

159 4041 208 4093 der
226 4036 346 4104 Sprache
364 4036 569 4090 herausuollen.
591 4035 719 4103 Dagegen
769 4035 833 4105 fang
851 4037 897 4088 des
923 4035 1016 4089 Satzes
1034 4034 1133 4089 wieder
1153 4033 1207 4088 auf.
1247 4038 1339 4093 Ueber

159 4112 195 4164 ist
222 4107 356 4160 balbutire
384 4104 541 4159 Dixin-15
570 4105 719 4171 Epicurum
771 4121 840 4161 sarae
857 4121 890 4159 zu
909 4105 932 4157 ll
951 4104 991 4157 14.
1012 4135 1043 4142 -
1064 4106 1203 4159 salmeredo
1216 4127 1247 4153 =
1259 4125 1339 4178 prae·

158 4177 353 4233 balbutientem
380 4176 413 4229 de
434 4181 533 4228 natura
555 4174 666 4227 deorum
687 4195 716 4220 =
770 4179 862 4244 cipua;
880 4192 913 4227 zu
926 4179 940 4238 §
953 4175 996 4229 47.
1016 4206 1047 4213 -
1068 4175 1149 4244 lorrpe
1168 4175 1291 4245 lateque,
1304 4196 1339 4233 zu

158 4251 251 4316 inepte
269 4247 366 4299 dicere.
386 4274 419 4281 -
438 4244 604 4311 aliquando,
622 4245 682 4297 zul
696 4248 719 4297 1.
770 4245 1339 4303 IVa-Dolorem-exeonescer.selbst-

160 4348 194 4357 -
212 4318 244 4370 ire
262 4316 379 4370 Pbelar.
399 4320 483 4380 tour„
501 4330 522 4367 s.
541 4314 611 4366 1117
630 4330 656 4366 u.
668 4315 721 4382 vgl.
770 4315 924 4385 gemachter
942 4316 1076 4384 Einwurs,
1095 4317 1143 4369 der
1165 4316 1253 4371 durch
1273 4336 1338 4373 uero

159 4394 174 4454 5
187 4389 220 4442 13
239 4388 268 4441 in
280 4388 401 4442 eculeum
413 4386 489 4440 coici.
508 4383 589 4437 Sinn:
608 4383 653 4437 Sie
666 4390 717 4437 md·
770 4388 798 4441 in
809 4385 958 4452 Gegensatz
968 4387 1077 4454 gestella
1085 4386 1121 4439 ist
1132 4402 1166 4439 zu
1177 4385 1227 4440 der
1237 4390 1340 4443 vorher

160 4476 212 4528 gen
225 4473 315 4525 sagea,
327 4456 389 4509 dass
401 4455 444 4509 die
454 4453 566 4522 Tugend
578 4453 660 4507 allein
672 4470 722 4508 zur
770 4456 1024 4524 ausgesprochenen
1046 4454 1207 4522 Forderung
1232 4472 1269 4511 an
1294 4458 1340 4513 die

162 4526 375 4595 Gldekseligkeit
396 4530 509 4594 genilgt,
527 4539 554 4578 u.
572 4523 634 4579 dass
652 4524 722 4579 ench
770 4524 979 4594 Peripatetiker.
1005 4552 1039 4563 —
1071 4524 1106 4578 Is
1131 4525 1218 4593 reiro,
1247 4528 1341 4583 dieser
