2746 5190
97 274 157 334 176
332 268 680 336 TUSCULANARUM
699 268 1054 336 DISPUTATIONUM

95 404 296 488 Defetigatio
320 407 420 488 igitur
434 408 638 472 miserimum
661 407 883 489 aegritudines
906 424 978 470 cum
996 403 1101 468 iaciat
1126 403 1283 483 leniores,

96 492 244 574 intellegi
274 511 407 558 necesse
438 498 488 558 est
517 513 582 558 non
608 512 677 558 rem
706 494 810 574 ipsam
836 492 981 576 [oausam
1004 489 1122 573 atque]
1156 489 1283 554 fontem

96 596 168 643 esse
187 579 352 642 maeroris.
389 579 445 647 68.
467 580 657 661 Philosophi
675 580 791 644 summi
811 578 994 660 nequedum
1014 580 1131 640 tamen
1149 576 1282 657 sapien-

96 663 177 727 tiam
193 665 359 729 consecuti
375 684 482 730 nonne
499 666 696 747 intellegunt
715 667 748 728 in
765 684 889 729 summo
911 683 945 728 se
960 662 1046 725 malo
1063 662 1162 726 esse?
1200 661 1283 725 Sunt

95 749 181 813 enim
213 750 420 830 insipientes
453 771 558 832 neque
580 752 769 832 insipientia
798 752 901 814 ullum
927 749 1033 812 maius
1063 748 1194 811 malum
1219 751 1281 827 est;

95 853 202 915 neque
231 840 342 901 tamen
372 837 494 917 lugent.
546 836 631 913 Quid
660 838 728 901 ita?
760 837 836 919 quia
866 836 942 900 huic
971 834 1083 915 generi
1114 833 1280 897 malorum

96 939 160 984 non
183 920 361 1002 adfingitur
383 923 441 986 illa
465 924 589 1004 opini0,
618 927 742 987 rectum
764 941 836 987 esse
860 927 893 986 et
919 938 1057 1001 aequum
1081 923 1115 983 et
1139 918 1186 983 ad
1211 917 1279 983 offr-

96 1006 181 1070 cium
204 1008 367 1087 pertinere
390 1027 486 1089 aegre
509 1009 606 1089 ferre,
636 1010 722 1091 quod
745 1009 876 1089 sapiens
899 1027 964 1071 non
987 1006 1047 1084 sis,
1076 1005 1169 1085 quod
1192 1005 1278 1070 idem

96 1090 290 1174 adfingimus
313 1094 388 1158 huic
404 1095 617 1175 aegritudini,
641 1096 674 1159 in
698 1115 762 1176 qua
777 1095 885 1158 luctus
904 1094 1004 1170 inest,
1028 1109 1113 1173 quae
1129 1092 1278 1155 omnium

95 1196 245 1244 maxuma
269 1184 327 1245 cst.
373 1180 428 1248 69.
451 1181 566 1262 Itaque
582 1181 777 1246 Aristoteles
800 1185 927 1245 veteres
948 1176 1166 1259 philosophos
1183 1195 1277 1242 accu-

96 1282 186 1344 sans,
211 1266 266 1347 qui
290 1265 566 1331 existimavissent
588 1268 827 1348 philosophiam
851 1266 919 1330 suis
940 1263 1081 1346 ingeniis
1104 1281 1181 1328 esse
1205 1282 1277 1345 per·

95 1348 227 1432 lectam,
250 1351 297 1415 ait
320 1370 375 1416 eos
398 1357 455 1415 aut
478 1353 690 1417 stultissimos
713 1358 770 1417 aut
792 1351 1043 1434 gloriosissimos
1066 1348 1189 1429 luisse,
1221 1347 1278 1414 sed

96 1454 131 1500 se
153 1437 278 1516 videre,
303 1438 389 1519 quod
404 1439 517 1518 paucis
534 1439 628 1503 annis
650 1458 768 1520 magna
784 1438 925 1503 accessio
948 1436 1036 1501 iacta
1056 1439 1161 1515 esset,
1184 1434 1276 1499 breui

92 1526 239 1603 tempore
251 1522 491 1604 philosophiam
502 1525 600 1605 plane
612 1525 799 1589 absolutam
811 1524 888 1588 fore.
904 1522 1150 1603 Theophrastus
1164 1526 1275 1586 autem

95 1608 237 1672 moriens
260 1626 431 1673 accusasse
453 1615 603 1673 naturam
626 1611 758 1691 dicitur,
790 1610 876 1693 quod
899 1609 1001 1674 cervis
1030 1612 1063 1672 et
1085 1606 1275 1671 cornicibus

92 1693 193 1759 vitam
216 1693 416 1774 diuturnam,
441 1715 578 1776 quorum
601 1696 634 1759 id
650 1698 733 1761 nihil
755 1698 942 1775 interesset,
966 1691 1168 1772 hominibus,
1194 1711 1274 1775 quo·

66 1812 70 1821 ·
92 1796 165 1842 rum
187 1780 325 1844 maxime
341 1780 559 1861 interfuisset,
582 1786 650 1845 tam
666 1784 814 1865 exiguam
833 1782 933 1847 vitam
948 1779 1107 1845 dedisset:
1133 1797 1275 1860 quorum

49 1936 54 1947 ,
95 1863 123 1929 si
146 1870 236 1929 aetas
260 1866 422 1946 potuisset
444 1886 516 1933 esse
533 1868 755 1951 longinquior,
779 1869 925 1934 futurum
948 1866 1050 1931 fuisse
1065 1869 1103 1928 ut
1120 1864 1275 1929 omnibus

94 1951 248 2032 perlectis
264 1952 390 2016 artibus
403 1954 490 2017 omni
507 1954 654 2019 doctrina
670 1956 836 2020 hominum
851 1955 919 2018 vita
931 1952 1126 2018 erudiretur.
1151 1950 1275 2027 Quere-

93 2036 190 2101 batur
205 2038 306 2119 igitur
321 2057 355 2103 se
371 2043 448 2118 tum,
473 2058 544 2105 cum
560 2041 618 2104 illa
638 2041 748 2106 videre
764 2042 934 2123 coepisset,
956 2037 1129 2117 exstingui.
1167 2035 1276 2113 Quid?

95 2141 134 2187 ex
157 2124 273 2188 ceteris
296 2125 500 2207 philosophis
523 2144 630 2191 nonne
657 2132 810 2208 optumus
838 2131 870 2192 et
892 2123 1103 2207 gravissimus
1133 2123 1275 2204 quisque

94 2208 267 2274 confitetur
288 2211 391 2275 multa
415 2230 449 2275 se
472 2212 622 2294 ignorare
651 2217 683 2277 et
705 2214 808 2278 multa
831 2212 895 2277 sibi
923 2211 1020 2276 etiam
1048 2213 1147 2289 atque
1171 2209 1275 2273 etiam

95 2312 166 2358 esse
190 2295 365 2361 discenda?
408 2297 461 2365 7⁰.
488 2298 602 2379 Neque
624 2303 747 2380 tamen,
777 2318 849 2364 cum
874 2316 908 2362 se
930 2297 965 2360 in
987 2295 1093 2360 media
1117 2294 1274 2374 stultitia,

94 2399 158 2461 qua
174 2381 256 2445 nihil
272 2387 323 2447 est
338 2382 446 2464 peius,
465 2383 600 2448 haerere
615 2384 822 2468 intellegant,
844 2382 1048 2466 aegritudine
1064 2384 1274 2462 premuntur3

136 2539 241 2599 πῶλον
263 2531 390 2618 χαλινόν
410 2535 524 2624 ἀρτίως
545 2541 656 2620 dedey-
705 2562 732 2599 u.
756 2544 886 2624 darunter
910 2543 979 2624 auch
1004 2541 1114 2595 solchen
1135 2540 1274 2608 begegnet

246 2623 355 2703 μένον·
705 2617 755 2681 ist,
779 2614 822 2666 die
840 2610 928 2678 nicht,
946 2627 995 2666 wie
1015 2627 1056 2677 er,
1078 2612 1122 2665 fur
1140 2610 1274 2666 Jahrtau·

136 2704 656 2815 nvrooaoooo
707 2682 793 2806 tall
813 2681 1273 2817 arraathalaricus

247 2816 308 2867 κως
317 2800 489 2898 ξεθιᾶὴωῖ,
503 2795 655 2880 gewchnt)
706 2824 803 2875 rausa:
814 2821 856 2874 w.
872 2818 941 2886 ,um
951 2821 999 2874 wie
1006 2818 1077 2874 'vires
1086 2820 1158 2874 rann
1168 2824 1272 2877 zuletzt

246 2900 358 2942 κακων.
380 2917 421 2928 -
707 2908 737 2946 so
755 2891 874 2944 herrlich
893 2891 954 2944 weit
971 2891 1108 2959 gebracht.
1136 2892 1169 2944 F.
1193 2893 1271 2962 Oja,

94 2967 382 3033 aerumnoso-solo,
401 2968 445 3021 cin
462 2967 568 3022 solches
580 2968 657 3020 Meer
706 2962 747 3015 bis
758 2976 793 3013 an
803 2961 844 3013 die
855 2959 1091 3014 Sterneweitl‘—
1108 2958 1272 3031 Theophra·

94 3051 146 3089 von
163 3035 291 3089 Jammer.
708 3035 780 3096 stus,
798 3046 832 3083 zu
851 3029 863 3081 Ι
880 3027 924 3081 45.
952 3029 1002 3082 Die
1024 3032 1109 3097 Klage
1134 3034 1203 3087 uber
1228 3036 1273 3089 die

127 3113 142 3184 ᾗ
161 3115 202 3169 68.
240 3116 426 3182 sapientiam,
450 3117 486 3170 im
504 3117 587 3170 sione
609 3116 657 3170 der
706 3102 796 3154 Khrzc
815 3099 862 3152 des
875 3098 1075 3154 mensohlichen
1088 3099 1214 3171 Daseins,
1228 3105 1272 3158 die

94 3185 215 3266 §ioppen
231 3187 575 3267 vopkommeneupeighgst,
593 3187 656 3239 Die.
707 3171 758 3251 den
783 3167 951 3248 sterbenden
976 3171 1049 3224 seine
1074 3174 1273 3227 unersattliche

89 3270 215 3336 Jemgen‚
242 3256 341 3335 beleb?
367 3256 486 3337 gjgselbe
511 3257 587 3309 mcht
615 3272 655 3309 er.
706 3236 1272 3333 Wrssbegrerdeausrprenssteglaptftgnagh

92 3325 217 3405 renchen,
242 3324 302 3376 sind
319 3331 502 3405 coarmantes,
525 3341 562 3405 zu
577 3324 603 3378 Π
620 3327 654 3378 51
705 3312 783 3377 D108·
802 3308 834 3359 Β·
857 3307 882 3359 V
899 3304 933 3357 41
948 3329 1043 3387 ημεις,
1062 3332 1142 3371 onor
1166 3335 1272 3393 αρχο-

91 3408 233 3447 nemmem.
264 3422 297 3430 —
329 3394 403 3476 Q'zricl
422 3392 486 3449 rto?
513 3411 595 3462 quaa,
621 3411 655 3447 zu
704 3398 790 3476 μεθα
818 3388 887 3470 ζῆν,
919 3390 985 3452 τότ’
1014 3388 1271 3477 ἀποθνήσκομεν.

92 3464 170 3588 Illa
187 3465 654 3601 urttttttlafflat
705 3479 832 3603 tietb-⁶²,
852 3476 1018 3599 milli}
1042 3482 1176 3584 ist-¹³⁰3!
1191 3482 1272 3581 ..Μ

92 3549 174 3659 iera.
187 3634 219 3642 —
237 3574 340 3671 ιιιιὲι,
354 3606 464 3674 specu
477 3621 521 3658 um
534 3605 576 3658 ne
589 3604 655 3659 ver·
706 3560 972 3672 ,tttbtfta
985 3562 1060 3671 hil:
1075 3564 1227 3674 vuiti?
1248 3556 1274 3605 ⁰²

92 3674 252 3755 storbessen2
269 3676 318 3729 mit
335 3676 427 3744 ΒθΖΠΕ
446 3675 495 3728 auf
509 3680 523 3739 ἕ
537 3675 570 3728 ⁶2
582 3673 610 3727 ff·
622 3701 655 3755 ,““
740 3701 901 3768 Vivacisque
919 3700 995 3755 iecur
1014 3705 1093 3770 cervi,
1113 3706 1211 3774 quibus
1231 3709 1270 3762 in·

91 3762 124 3797 cn
137 3751 323 3812 qua-cacat,
339 3746 439 3799 welche
453 3744 608 3798 verbunden
620 3747 655 3796 ist
1004 3788 1086 3840 super
1104 3775 1180 3829 addit

92 3823 141 3949 mg
154 3844 202 3938 ὦ
221 3830 510 3952 Ξγέζιοξῖῖῖδῖῑῇῑῖαᾷ
528 3812 656 3938 fferlhfflr‘
743 3841 798 3896 Ora
815 3845 949 3908 caputque
967 3858 1063 3964 novegn
1079 3845 1196 3900 cornicis
1211 3862 1271 3903 sae.

93 3955 153 4009 dem
177 3957 210 4008 A.
233 3954 262 4007 in
285 3956 336 4010 den
357 3955 441 4010 Mund
464 3956 568 4022 gelegte
586 3954 655 4005 Aus·
722 3981 821 4034 ,1177
848 4008 881 4016 -
901 3981 982 4033 etiam
1005 3928 1067 4034 ⁰2¹³
1082 3929 1189 4036 pajiae·
1234 3988 1240 3999 .

93 4025 194 4093 spruch
227 4024 264 4078 ist
294 4026 369 4080 nicht
401 4026 494 4080 weiter
518 4023 653 4087 verbdrgt.
705 4000 723 4105 ᾗ
817 4018 850 4101 'm
952 4052 958 4062 .
977 3998 1018 4104 da
1033 3998 1116 4105 αξη
1130 4001 1271 4109 “immi-

93 4094 182 4149 chn
194 4109 224 4148 er
235 4095 357 4148 wirhlich
371 4111 423 4149 von
436 4095 491 4146 ihm
502 4091 655 4155 horrnhrte,
704 4066 825 4175 zfifioss'el}
852 4064 909 4103 mer
926 4066 975 4104 ww
996 4067 1032 4120 π’
1072 4092 1078 4104 ·
1090 4070 1107 4105 ¹·
1127 4069 1142 4107 ⁰
1164 4070 1199 4107 ¹¹⁰
1211 4072 1271 4109 Μ·

94 4178 124 4218 so
148 4165 224 4218 hatte
248 4179 278 4217 er
302 4165 360 4218 sich
382 4161 523 4218 derselben
541 4159 655 4213 ‘Selbst-
827 4159 844 4233 Ἰ

94 4235 246 4301 tauschung
263 4234 388 4303 schuldig
404 4230 536 4302 gemacht,
554 4227 654 4282 welche
739 4220 754 4290 ξ
772 4223 812 4305 sid·
832 4222 1001 4305 ratellepont.
1020 4223 1076 4276 Der
1087 4224 1162 4277 Plur.
1175 4242 1271 4295 wegen

94 4304 164 4358 noch
174 4304 312 4359 manahem
321 4302 506 4371 Philosophen
517 4298 654 4354 nachilrm
705 4292 752 4348 des
774 4309 802 4347 m
822 4308 940 4363 quasque
966 4290 1107 4359 hegenden
1126 4293 1271 4352 collectiv-

972 4520 1062 4724 Γ
