2746 5190
147 387 208 447 254
372 384 722 452 TUSCULANARUM
743 387 1097 453 DISPUTATIONUM

146 525 179 584 et
201 519 261 583 alti
282 519 357 600 viri,
381 526 413 585 et
436 522 548 587 eadem
572 542 655 604 quae
669 524 784 605 volgus
807 525 841 589 in
863 525 957 590 malis
980 529 1013 588 et
1031 523 1126 587 bonis
1148 541 1328 587 numerare

148 606 280 669 concedi
310 606 401 670 nullo
431 608 525 672 modo
553 614 670 690 potest.
717 612 787 687 Qua
814 611 917 691 gloria
952 612 1129 674 commotus
1159 607 1328 689 Epicurus

148 692 306 771 exoritur,
341 693 393 756 cui
422 694 533 774 etiam,
568 695 597 759 si
629 695 679 759 dis
712 696 833 776 placet,
867 696 998 760 ridetur
1031 714 1158 775 semper
1188 695 1327 775 sapiens

147 776 273 841 beatus.
318 778 380 842 Hic
397 778 556 859 dignitate
576 781 674 845 huius
698 782 879 846 sententiae
901 782 1041 862 capitur,
1064 781 1122 845 sed
1144 799 1327 861 numquam

145 863 180 927 id
202 863 338 942 diceret,
362 864 390 927 si
413 865 536 945 ipsese
557 866 694 931 audiret.
733 867 817 945 Quid
834 872 884 931 est
906 868 992 932 enim
1014 867 1101 948 quod
1120 866 1229 929 minus
1248 884 1326 929 con-

146 949 257 1013 veniat
279 968 375 1030 quam
397 955 434 1014 ut
449 951 491 1031 is,
516 952 571 1032 qui
593 953 646 1016 uel
662 971 821 1016 summum
842 953 894 1017 vel
912 954 1017 1017 solum
1032 952 1152 1016 malum
1176 951 1326 1016 dolorem

146 1053 218 1099 esse
241 1035 341 1114 dicat,
365 1036 450 1100 idem
469 1042 600 1101 censeat
623 1037 741 1114 ‘Quam
764 1039 824 1102 hoc
846 1058 945 1103 suave
964 1040 1037 1104 estl’
1060 1043 1143 1115 turn,
1167 1056 1242 1101 cum
1268 1038 1325 1101 do-

147 1121 216 1185 lore
238 1121 413 1201 crucietur,
445 1123 606 1187 dicturum
629 1143 701 1188 esso
725 1125 926 1205 sapientem?
968 1125 1042 1189 Non
1063 1124 1164 1204 igitur
1192 1142 1231 1187 ex
1256 1124 1325 1187 sin-

148 1207 234 1288 gulis
257 1208 389 1271 vocibus
420 1209 606 1290 philosophi
634 1211 802 1290 spectandi
833 1215 921 1290 sunt,
953 1211 1010 1275 sed
1038 1228 1077 1274 err
1099 1209 1325 1290 perpetuitate

147 1297 246 1374 atque
268 1295 461 1358 constantia.
506 1294 561 1359 XI.
599 1295 654 1363 32.
684 1297 721 1359 A.
744 1296 888 1360 Adducis
915 1314 966 1361 me
996 1300 1033 1360 ut
1053 1295 1115 1359 tibi
1142 1294 1323 1359 adsentiar.

149 1378 213 1443 Sed
234 1383 292 1442 tua
315 1398 443 1461 quoque
465 1380 539 1445 vide
567 1400 608 1445 ne
638 1382 842 1446 desideretur
869 1382 1062 1446 constantia.
1107 1380 1149 1444 M.
1173 1380 1326 1456 Quonam

146 1464 264 1528 modo?
306 1466 343 1529 Α.
368 1466 451 1542 Quia
473 1467 537 1548 legi
560 1471 652 1531 tuum
675 1487 778 1548 nuper
801 1471 952 1549 quantum
981 1468 1021 1532 de
1043 1467 1194 1531 Finibus:
1225 1467 1261 1529 in
1286 1485 1323 1531 eo

146 1550 226 1613 milri
248 1551 402 1616 videbare
432 1558 544 1616 contra
568 1552 724 1617 Catonem
755 1554 918 1618 disserens
947 1554 1007 1617 hoc
1030 1553 1114 1618 velle
1137 1552 1324 1631 ostendere,

148 1636 234 1716 quod
259 1638 339 1700 milri
367 1638 496 1719 quidem
528 1638 699 1718 probatur,
729 1638 815 1703 inter
837 1640 999 1703 Zenonem
1030 1645 1062 1703 et
1084 1638 1324 1719 Peripateticos

146 1721 230 1784 nihil
252 1728 382 1803 praeter
410 1720 582 1788 uerborum
604 1724 782 1788 novitatem
812 1725 986 1805 interesse3
1018 1725 1103 1806 quod
1121 1724 1161 1787 ·si
1189 1724 1238 1787 ita
1263 1727 1323 1800 est,

147 1807 225 1888 quid
248 1813 298 1871 est
318 1827 435 1873 causae
452 1810 543 1891 quin,
568 1810 595 1873 si
611 1810 751 1874 Zenonis
766 1811 887 1874 rationi
909 1815 1161 1875 consentaneum
1178 1809 1221 1873 sit
1239 1809 1323 1872 satis

146 1911 295 1974 magnam
317 1895 381 1958 vim
403 1895 437 1958 in
460 1896 581 1960 virtute
609 1914 679 1961 esse
710 1896 751 1959 ad
774 1896 870 1961 bcate
897 1896 1082 1975 vivendum,
1112 1896 1211 1959 liceat
1233 1895 1322 1959 idem

146 1978 374 2060 Peripateticis
398 1981 527 2046 dicere?
562 1982 642 2046 Rem
663 1982 749 2046 enim
770 1984 886 2063 opinor·
909 1984 1048 2063 spectari
1068 1986 1230 2063 oportere,
1257 2000 1322 2044 non

145 2066 253 2129 verba.
298 2065 353 2133 33.
382 2066 424 2130 M.
448 2067 496 2131 Tu
520 2068 650 2148 quidem
672 2068 805 2132 tabellis
835 2068 1016 2149 obsignatis
1039 2069 1109 2149 agis
1139 2085 1266 2130 mecum
1290 2071 1323 2130 et

144 2150 347 2232 testificaris,
376 2154 454 2234 quid
477 2153 611 2217 dixerim
635 2154 812 2234 aliquando
839 2159 896 2217 aut
919 2154 1118 2235 scripserim:
1149 2171 1221 2216 cum
1245 2152 1323 2215 aliis

146 2236 210 2301 isto
233 2238 341 2318 modo,
366 2240 421 2320 qui
443 2239 571 2321 legibus
594 2240 757 2320 impositis
780 2239 965 2319 disputant,
994 2258 1053 2304 nos
1075 2241 1109 2304 in
1132 2238 1218 2302 diem
1240 2238 1324 2301 u'vi-

148 2391 211 2461 Qua
228 2394 322 2462 plocio
340 2400 501 2462 commotos,
521 2411 572 2448 von
591 2394 639 2448 der
652 2395 702 2448 Be·
755 2396 859 2448 anlasst
872 2396 917 2460 M,
930 2395 988 2447 sich
1009 2395 1035 2450 al
1049 2394 1116 2447 tiber
1128 2394 1221 2446 seinen
1232 2392 1322 2446 freien

144 2464 235 2532 giendo
246 2467 314 2518 nach
324 2466 424 2519 diesem
434 2467 537 2520 Ruhme
549 2465 702 2532 getrieben;
754 2464 960 2518 akademischen
972 2463 1144 2531 Standpunkt
1156 2479 1182 2515 u.
1194 2463 1264 2516 dber
1278 2462 1323 2515 die

144 2550 201 2600 quo
218 2534 312 2602 qlorr'o
323 2556 352 2580 ε
364 2538 440 2589 cuius
458 2537 498 2588 rei
515 2535 559 2602 gl,
577 2550 611 2586 zu
628 2536 641 2588 l
660 2534 703 2586 45.
753 2535 867 2587 Ansicht
886 2534 933 2587 (lar
953 2535 1060 2588 Stoiker
1078 2549 1112 2585 zu
1130 2539 1259 2598 tussern,
1277 2532 1321 2585 die

145 2603 235 2658 Ueber
261 2605 355 2674 plotio
380 2624 413 2659 nu
438 2605 521 2658 1146.
552 2633 582 2641 -
610 2606 636 2658 sa'
656 2604 702 2658 dis
754 2604 835 2658 allein
852 2605 986 2658 wahrhaft
1004 2610 1170 2669 consequent
1187 2603 1236 2654 sei.

140 2673 244 2742 ploret,
263 2682 329 2728 stets
347 2676 474 2742 ironisch,
492 2676 541 2727 mit
559 2674 619 2727 dem
634 2678 702 2728 Aus-
788 2670 863 2740 §tt-2.
886 2671 1129 2739 oidcac,zu183.
1143 2700 1176 2710 -
1199 2669 1275 2740 erc‘o
1289 2671 1319 2725 ff.

143 2745 228 2797 druclr
237 2744 613 2811 derUeberraschungzwer
623 2746 702 2798 sollte
754 2750 820 2796 statt
837 2743 901 2809 quia
917 2745 946 2797 in
964 2750 1011 2796 tuo
1030 2750 1126 2810 quarto
1146 2741 1178 2794 de
1191 2742 1318 2807 Finibus,

143 2815 201 2866 sich
213 2813 259 2867 das
274 2814 397 2867 denken?
415 2814 475 2867 Fin.
486 2814 509 2865 ll
522 2814 553 2866 31
569 2815 702 2882 quoniam,
754 2828 833 2879 quem
849 2827 936 2879 nuper
953 2813 1018 2880 legi,
1038 2812 1102 2863 mihi
1120 2810 1248 2864 videbare
1268 2819 1320 2864 cet.

143 2883 166 2937 si
180 2883 221 2937 dis
233 2886 329 2952 placet,
347 2884 381 2937 ab
394 2884 513 2952 Epicuro
532 2885 607 2951 loqui
626 2883 704 2937 disci·
753 2883 814 2950 Vgl.
828 2898 862 2934 zu
875 2881 899 2932 ll
916 2882 957 2934 62.
975 2882 1071 2950 Itaque
1090 2885 1181 2947 quart.
1196 2881 1230 2933 dc
1245 2880 1316 2933 Fa'ra

143 2970 211 3008 mus.
240 2984 272 2991 -
300 2953 327 3006 ει·
344 2953 407 3021 ipsc
430 2968 459 3007 se
476 2955 559 3019 aad,
578 2969 654 3006 wenn
674 2969 704 3006 er
754 2953 824 3006 ohne
842 2951 954 3017 librom,
971 2952 1020 3005 uie
1038 2950 1155 3004 Diriml
1174 2951 1205 3002 17
1225 2951 1255 3003 in
1276 2966 1318 3004 se·

144 3024 193 3078 auf
207 3026 264 3079 sich
282 3023 366 3078 selbst
384 3025 474 3091 horte,
494 3025 561 3078 dh.
580 3038 655 3077 uenn
674 3037 704 3076 er
755 3021 840 3075 cundo
861 3022 893 3075 de
907 3022 1057 3075 consulatu.
1080 3019 1203 3073 Gemeint
1214 3021 1253 3074 ist
1265 3021 1321 3074 ins·

143 3101 309 3163 consequent
327 3095 385 3147 scin
397 3094 495 3147 wollte.
513 3123 546 3130 -
570 3090 645 3160 Quid
664 3096 705 3144 cst
756 3090 906 3145 besondere
925 3107 947 3143 c.
960 3090 1003 3142 20.

144 3165 224 3231 claim,
243 3182 276 3217 au
289 3162 377 3215 11134.
397 3193 430 3200 -
448 3162 579 3230 adomim
592 3164 623 3216 D.
636 3161 704 3215 Adv.
790 3158 865 3228 §33
894 3159 1005 3214 tabellis
1024 3159 1123 3216 obsff.
1142 3158 1177 3211 du
1194 3159 1260 3213 hast
1279 3175 1321 3213 or·

148 3233 238 3303 Quom
255 3234 305 3287 boc
319 3247 405 3287 suone
418 3237 467 3298 cst,
480 3233 504 3285 ll
519 3234 557 3286 17,
580 3262 612 3270 —
625 3247 701 3297 spec·
756 3229 874 3284 deutlich
899 3232 942 3284 ein
960 3230 1100 3285 Protolroll
1125 3228 1244 3281 dardber
1263 3229 1321 3282 auf·

144 3304 227 3357 tondi
254 3307 336 3368 sont,
362 3303 543 3370 beurtheilen3
574 3320 600 3371 p.
624 3302 703 3355 Rosc.
755 3314 911 3367 genommeu
929 3317 955 3352 u.
968 3301 1048 3353 uillst
1059 3299 1144 3352 durch
1156 3297 1269 3365 Zeugen
1280 3314 1321 3350 er-

145 3389 213 3427 corn.
230 3373 264 3425 28
282 3373 366 3426 Nemo
386 3374 460 3426 illum
479 3389 512 3426 ex
529 3380 625 3426 trunco
646 3387 702 3424 cor·
754 3368 860 3435 barton,
879 3384 933 3423 uas
951 3371 994 3423 ich
1012 3375 1105 3437 gesagt
1123 3367 1209 3432 habe;
1227 3367 1323 3432 jurist.

143 3444 218 3510 poris
236 3442 390 3510 spectabat,
408 3442 454 3495 sed
473 3457 506 3494 ex
525 3441 639 3495 artificio
659 3457 702 3494 co·
755 3442 811 3490 tt.
836 3438 902 3501 (uie
928 3440 1048 3492 nachher
1075 3436 1238 3502 beatificari)
1268 3453 1322 3490 von

144 3514 212 3566 mico
231 3512 403 3579 aestimabat3
428 3512 461 3565 ad
474 3515 529 3565 Att.
547 3512 600 3565 Xll
618 3511 651 3563 39
670 3524 704 3563 ex
754 3506 948 3574 Documenten,
968 3508 1010 3561 die
1030 3508 1115 3561 durch
1133 3506 1321 3560 Unterschrift

143 3598 202 3636 meo
215 3583 270 3636 otio
283 3589 358 3635 tuum
375 3588 476 3649 specto.
495 3609 528 3618 -
547 3597 581 3634 coc
595 3583 703 3648 perpet.
755 3591 781 3628 ιι.
795 3576 882 3643 Siegel
896 3577 1050 3645 beglaubigt
1062 3575 1129 3629 sind.
1148 3576 1210 3643 Vgl.
1221 3592 1321 3630 unser:

143 3653 191 3714 (sc.
209 3653 309 3719 rerum)
329 3656 412 3718 utque
430 3656 529 3717 coast,
552 3653 621 3705 nach
645 3650 704 3703 dem
754 3646 884 3698 verbriest
901 3662 927 3698 u.
941 3646 1083 3713 besiegelt;
1102 3648 1130 3699 in
1146 3646 1200 3698 Pis.
1214 3646 1250 3698 69
1268 3648 1322 3699 iste

143 3722 391 3789 Zusammenhange
415 3737 441 3773 u.
460 3721 508 3774 der
529 3720 704 3789 Consequenz
755 3742 788 3752 -
800 3713 871 3782 quod
884 3723 1034 3782 acceperat,
1044 3714 1194 3781 testificari,
1203 3715 1322 3769 tabellas

144 3791 216 3844 ihres
236 3791 365 3859 Systems.
757 3784 899 3850 obsignare
917 3786 994 3852 velle,
1013 3785 1162 3852 Epicurum
1180 3784 1322 3839 desertum

178 3861 224 3914 XI.
256 3861 306 3913 Die
324 3860 443 3914 Einrede
462 3860 509 3913 des
527 3862 569 3927 A,
588 3859 649 3912 dass
667 3858 704 3911 M.
756 3853 860 3920 dicerc;
874 3855 972 3907 etenim
983 3854 1054 3920 dicit,
1064 3862 1094 3908 ut
1105 3855 1209 3922 opinor,
1220 3869 1251 3906 se
1262 3856 1321 3907 nul-

144 3931 228 3985 selbst
240 3931 288 3983 mit
301 3933 391 3984 seiner
403 3930 515 3984 t'rdhern
525 3930 706 3995 Behauptnng
756 3924 810 3977 lum
823 3923 922 3976 bonum
933 3924 1089 3991 intellegere
1108 3939 1189 3991 posse
1203 3924 1322 3992 demptis

142 4002 178 4055 im
195 4000 220 4053 4.
232 4001 323 4054 Bucho
336 4000 368 4053 de
382 4001 450 4067 Fin,
464 4000 512 4052 der
525 3996 706 4053 Unterschied
756 3993 879 4060 corporis
903 3994 1094 4060 voluptatibus.
1122 3994 1182 4061 Vgl.
1201 4010 1230 4061 p.
1250 3996 1323 4047 Mur.

141 4071 275 4125 zuischeu
293 4070 420 4124 Stoikorn
441 4085 467 4122 u.
485 4068 703 4134 Peripatetikern
755 4063 788 4115 35
806 4064 954 4130 pergitisne
973 4078 1020 4116 vos
1045 4071 1181 4130 tamquam
1205 4077 1241 4115 ex
1261 4079 1324 4132 syn-

141 4142 169 4194 in
188 4140 277 4208 Bezug
295 4139 405 4193 auidas
423 4139 537 4192 hochste
556 4136 609 4189 Gur
629 4134 702 4189 laufe
753 4132 858 4201 grapha
881 4147 960 4201 agore
979 4148 1038 4185 curn
1056 4133 1179 4199 populo?
1205 4161 1239 4168 -
1266 4134 1323 4189 tcto

142 4208 552 4271 aufeinenWortstreithinaus,
564 4204 703 4258 inWider-
753 4201 845 4266 modo,
865 4217 902 4255 sc.
921 4217 993 4269 agas.
1013 4231 1046 4240 -
1064 4202 1096 4255 ιἰι
1115 4203 1187 4254 dican
1205 4203 1275 4270 nia,
1294 4207 1324 4259 in

143 4281 243 4348 spruch
266 4280 389 4348 gerathe,
408 4293 485 4331 uena
510 4291 540 4327 er
558 4274 610 4327 den
628 4274 702 4326 Peri·
754 4272 806 4325 den
819 4271 876 4338 Tag
894 4272 986 4325 hinein
1004 4272 1091 4339 leben,
1111 4273 1217 4339 sorglos
1231 4290 1260 4325 ιι.
1275 4290 1325 4328 un-

142 4351 295 4417 patetikern
314 4348 389 4402 nicht
406 4351 539 4411 gestatten
553 4345 640 4411 uolle,
658 4343 702 4397 die
752 4342 919 4396 bekdmmert
928 4357 971 4394 um
982 4341 1159 4407 dieZukunft,
1171 4342 1200 4395 in
1212 4344 1325 4398 scherz-

142 4420 258 4473 Ansicht
278 4419 326 4472 der
344 4417 452 4471 Stoikcr
469 4432 502 4468 au
520 4414 630 4482 theilcn,
645 4430 701 4466 ver·
752 4410 854 4464 haftam
865 4412 947 4480 Tone,
960 4411 1008 4464 uie
1018 4411 1061 4465 die
1073 4426 1157 4478 ganza
1168 4411 1256 4467 Stelle
1271 4431 1327 4473 von

665 4614 756 4842 :f
