2746 5190
101 384 162 445 132
327 377 677 459 Tusctnnxnntssu
698 375 1052 442 DISPt'Tnttoxtu

99 516 188 581 tibus
210 516 337 597 asponis
357 520 389 581 et
405 516 528 580 odiosis
544 515 725 580 doloribus,
748 515 777 579 si
797 515 883 578 tanti
906 515 985 579 sint.
1006 522 1041 578 ut
1064 513 1196 578 ferendi
1212 533 1282 578 non

100 603 180 667 sint.
204 621 268 683 ‹aus›
290 603 332 665 eit
355 602 605 684 confugiendum
626 608 664 665 tu
684 601 784 665 vides.

203 687 293 751 Haec
315 687 382 751 fere
404 689 464 752 hoe
487 696 632 769 tempore
647 688 759 769 putati
781 704 852 750 esse
875 685 1021 750 dicenda.
1066 683 1132 749 Sed
1153 690 1194 749 tu
1210 684 1279 749 for-

97 780 187 837 tasse
209 774 242 836 in
265 775 429 837 sententia
457 793 637 855 pennanes.
681 776 719 837 A.
749 773 882 836 Minime
909 791 999 836 neno.
1029 789 1147 852 meque
1173 771 1279 836 biduo

99 858 236 922 duarum
258 877 380 939 rerum.
404 879 485 941 quas
507 862 644 924 maxime
666 858 835 922 timebam.
858 877 954 937 spero
976 856 1150 921 liberatum
1175 861 1278 921 metu.
1300 858 1303 862 ’

99 943 142 1007 M.
166 943 245 1008 Cras
268 964 345 1026 ergo
367 946 409 1009 ad
431 947 649 1027 clepsydram:
680 945 726 1008 sie
749 945 834 1008 enim
858 943 1011 1007 diximus,
1041 942 1099 1006 sed
1128 943 1193 1006 tibi
1216 943 1280 1007 hoo

97 1030 191 1093 video
214 1050 277 1095 non
300 1050 397 1112 posse
419 1031 540 1096 deberi.
585 1034 622 1094 A.
645 1031 696 1094 Ita
718 1049 867 1111 prorsus;
889 1038 921 1094 et
944 1028 1026 1093 illud
1043 1028 1177 1110 quidem
1199 1034 1278 1094 unite

96 1116 277 1182 meridiem.
300 1119 360 1181 hoe
382 1118 496 1182 eodem
510 1124 666 1198 tempore.
711 1117 754 1181 M.
778 1116 831 1180 Sic
853 1115 1010 1180 faciemus
1026 1116 1161 1197 tuisque
1178 1120 1277 1197 optu-

95 1203 157 1267 mis
180 1205 299 1268 studiis
321 1203 545 1285 obsequemur.

96 1381 658 1449 rapuiaeeauseinemunbekanntenDich·
714 1382 785 1451 (ned)
803 1383 922 1436 naehher
936 1383 1023 1437 werde
1040 1384 1083 1437 ich
1103 1385 1152 1437 mit
1165 1385 1217 1450 dir,
1230 1387 1276 1442 da·

94 1460 146 1509 ter.
160 1468 286 1519 -opero
300 1452 458 1517 liberatum,
472 1454 576 1506 zu19i
590 1454 658 1508 bene
709 1457 757 1507 mit
767 1453 810 1506 ieh
820 1454 1276 1524 dirnichtsvorenthutemeoert),

95 1522 658 1591 evenire-adclepsydr.sc.declamandi
708 1523 929 1592 philosophirem
952 1523 1003 1577 boc
1024 1524 1082 1587 (wie
1101 1526 1171 1578 auch
1191 1529 1274 1582 nach·

95 1594 305 1647 exercitationes
322 1595 501 1646 instituemus.
519 1595 570 1647 Die
580 1595 659 1646 Was·
708 1596 777 1657 ber,
796 1591 838 1644 die
857 1593 915 1645 dem
928 1593 1036 1646 Redner
1051 1595 1275 1654 niherlieeende

95 1664 193 1716 neruhr
216 1662 306 1716 diente
331 1664 371 1715 als
396 1663 559 1716 Zeitmesser
583 1664 658 1717 nicht
708 1661 1157 1731 philosophischeDisputation—
1167 1666 1276 1733 deberi,

94 1748 146 1784 nur
164 1732 206 1785 bei
225 1731 277 1784 den
296 1731 469 1786 offentliehen
482 1733 584 1797 Reden,
596 1748 658 1787 non·
707 1734 736 1786 in
753 1732 975 1798 ursprnngticher
992 1732 1160 1802 Bedeutung,
1175 1737 1227 1790 wie
1240 1738 1276 1791 ad

93 1800 159 1855 dern
179 1802 246 1856 anch
272 1803 299 1855 in
318 1801 370 1855 den
395 1803 654 1868 Rhetorenschulen‚
708 1799 882 1869 Att.1v2,2
901 1802 988 1855 oratio
1006 1803 1140 1857 iuventuti
1158 1814 1274 1863 nostrae

92 1886 136 1923 um
161 1872 205 1925 die
227 1872 320 1925 Dauer
341 1871 388 1924 des
408 1873 556 1940 Vortrages
574 1873 654 1925 abzu-
706 1871 798 1925 deberi
821 1887 875 1923 non
896 1879 995 1937 potest.
1015 1900 1046 1908 —
1067 1871 1118 1935 Ita
1134 1888 1274 1944 proretae,

91 1956 204 1995 messen.
233 1969 266 1978 —
298 1940 370 1995 Grae
394 1956 459 2009 erqo
482 1940 510 1993 ff.
540 1943 654 2010 Morgen
705 1942 754 1993 wie
772 1958 799 2007 p.
812 1940 878 1994 Sull.
896 1940 945 2006 543
963 1942 1015 2008 vgl.
1033 1942 1046 1995 Ι
1064 1943 1081 1994 9
1096 1943 1140 1996 Ita
1154 1961 1274 2011 prorsus

91 2011 189 2066 vollen
215 2012 264 2065 wir
290 2011 362 2065 dann
388 2021 479 2066 zuerst
508 2014 578 2065 nach
606 2012 654 2065 der
706 2012 837 2063 existimo.
857 2037 889 2046 -
907 2008 996 2077 illud,
1014 2011 1059 2064 die
1078 2014 1275 2072 rhetorischen

90 2080 256 2135 Wasseruhr
300 2096 399 2135 unsere
440 2082 653 2137 Declamations·
704 2079 862 2146 Uebungen.
885 2109 917 2116 —
946 2081 1040 2135 eodem
1058 2087 1139 2150 temp.
1159 2099 1199 2138 sc.
1218 2102 1273 2155 quo

91 2151 216 2220 ubungen
232 2152 332 2218 hulten,
349 2167 379 2205 so
392 2151 481 2206 haben
493 2154 541 2206 wir
554 2167 653 2206 esven·
704 2149 792 2217 hodie,
812 2150 869 2205 also
880 2151 931 2203 —?

91 2221 203 2275 abredet
227 2221 279 2287 (eie
294 2249 328 2259 —
340 2221 478 2290 diximus,
499 2227 514 2287 5
532 2222 567 2290 9),
588 2221 654 2276 aber
