2746 5190
19 39 962 365 ,Ι

23 344 27 353 .

487 639 652 702 nrnnnr
691 639 707 718 l
734 644 884 702 m-rc
1235 645 1272 700 ra

192 777 234 840 M.
258 760 374 839 Emori
395 773 476 853 aoid,
498 773 553 838 scol
574 795 622 837 me
643 793 708 838 esse
729 772 888 838 ννόνῖνννν
909 773 1006 838 attila·
1027 774 1167 838 cristiano.

93 881 132 943 A.
156 879 227 943 Iam
239 880 400 959 adgnosco
414 878 582 943 Graecum.
615 877 678 942 Sed
692 879 844 959 qnoniam
857 879 994 959 co‘e'gisti
1007 883 1043 941 ut
1055 878 1273 957 concederem,

94 965 153 1046 qui
175 966 296 1029 mortui
319 970 443 1043 essent,
467 984 522 1029 eos
544 965 679 1028 miseros
703 983 766 1027 non
790 983 871 1042 esse,
895 963 1030 1046 perfice,
1055 965 1083 1028 si
1105 970 1215 1045 potes,
1238 969 1275 1028 ut

93 1070 137 1115 ne
169 1050 373 1115 moriendum
412 1051 542 1132 quidem
580 1069 651 1114 esse
688 1051 841 1114 misorum
875 1057 995 1131 putem.
1049 1050 1091 1118 16.
1130 1050 1172 1113 Μ.
1205 1049 1274 1113 Iam

92 1138 181 1201 istuc
205 1137 333 1217 quidem
358 1137 440 1200 nihil
462 1137 586 1217 negotii
609 1142 672 1215 est,
701 1137 824 1199 maiora
846 1137 970 1200 molior.
1016 1137 1052 1198 Α.
1085 1135 1154 1212 Quo
1178 1135 1273 1198 modo

93 1223 158 1286 hoc
187 1223 269 1287 nihil
298 1222 421 1304 negotii
453 1227 524 1286 est?
557 1227 613 1285 aut
648 1241 730 1302 quac
766 1227 842 1286 sunt
874 1222 1006 1286 tandem
1036 1222 1101 1285 ista
1131 1222 1275 1285 maiora?

94 1308 140 1372 M.
166 1307 263 1387 Quia,
292 1309 445 1390 quoniam
466 1312 541 1389 post
564 1312 700 1372 mortem
723 1308 800 1371 mali
826 1309 908 1372 nihil
932 1312 996 1385 est,
1027 1327 1067 1372 ne
1094 1326 1180 1371 mors
1204 1307 1275 1389 qui·

95 1394 172 1458 dem
188 1398 238 1459 est
254 1396 385 1474 malum,
403 1395 453 1457 cui
470 1413 661 1474 proxumum
676 1398 806 1474 tempus
829 1399 880 1458 est
895 1398 970 1475 post
985 1398 1130 1472 mortem,
1154 1394 1188 1456 in
1212 1410 1275 1473 quo

93 1480 175 1543 mali
192 1480 274 1545 nihil
291 1499 363 1545 csse
379 1480 544 1544 concedis:
567 1481 615 1543 ita
637 1498 677 1542 ne
700 1480 902 1544 moriendum
919 1479 1049 1561 quidem
1066 1497 1137 1542 esse
1154 1480 1274 1542 malum

95 1570 165 1644 est;
198 1566 232 1629 id
259 1571 310 1631 est
337 1566 437 1645 enim,
465 1566 720 1647 perveniendum
747 1584 819 1630 esse
846 1565 961 1643 adid,
997 1565 1083 1646 quod
1111 1583 1175 1628 non
1203 1582 1275 1629 esse

93 1651 218 1715 malum
242 1651 440 1716 confitemur.
478 1654 515 1716 A.
539 1652 680 1716 Uberius
704 1653 777 1730 ista,
801 1670 935 1732 quaeso:
957 1651 1038 1715 haec
1062 1651 1147 1715 enim
1163 1651 1273 1731 spino-

95 1738 186 1802 siora
208 1738 299 1819 prius
327 1743 364 1802 ut
392 1737 549 1802 confitear
572 1757 623 1801 me
650 1742 771 1818 cogunt
799 1756 895 1818 quam
925 1743 962 1800 ut
988 1737 1164 1801 adsentiar.
1210 1735 1274 1800 Sed

95 1842 182 1905 quae
205 1828 281 1887 sunt
305 1843 351 1902 ea,
375 1842 458 1906 quae
482 1824 563 1887 dicis
585 1828 618 1887 te
640 1825 763 1887 maiora
785 1823 927 1887 moliri?
947 1822 989 1886 M.
1020 1823 1064 1887 Ut
1087 1823 1229 1902 doceam,
1247 1821 1275 1886 si

94 1910 235 1992 possim,
263 1929 338 1973 non
364 1911 473 1974 modo
502 1910 641 1973 malum
668 1928 741 1973 non
773 1928 871 1988 esse,
901 1909 968 1973 sed
994 1908 1133 1971 bonum
1157 1908 1275 1972 etiam

96 2013 185 2061 csse
207 2000 376 2060 mortem.
413 1998 450 2059 Α.
474 1996 546 2059 Non
569 1996 699 2076 postulo
715 1995 750 2059 id
767 1996 906 2076 quidem,
931 2013 1009 2058 aveo
1025 1999 1135 2059 tamen
1151 1994 1274 2058 audire.

94 2081 143 2146 Ut
166 2082 252 2146 enim
273 2101 338 2146 non
361 2081 484 2146 efficias
507 2081 673 2162 quodvis
697 2086 806 2146 tamcn
829 2100 914 2145 mors
941 2084 978 2144 ut
999 2080 1120 2145 malum
1143 2100 1208 2145 non
1232 2080 1275 2153 sit

95 2167 230 2233 efficies,
269 2167 332 2232 Sed
355 2168 438 2232 nihil
459 2173 493 2232 te
521 2168 754 2247 interpellabo:
782 2168 1002 2231 continentem
1021 2167 1200 2231 orationem
1218 2185 1274 2229 au-

94 2378 199 2433 chori
213 2377 250 2445 ff,
268 2378 312 2431 ein
336 2377 422 2430 troch.
441 2378 521 2430 catal.
539 2377 657 2430 Tetram.
709 2379 767 2430 isto
781 2375 817 2445 ff,
837 2376 999 2445 Ueherqaog
1018 2393 1051 2428 zu
1065 2375 1112 2428 der
1132 2376 1273 2429 continens

94 2451 154 2503 Der
171 2450 272 2516 griech.
287 2448 453 2512 Vers,wenn
473 2447 541 2499 auch
559 2447 587 2498 in
606 2448 658 2500 den
710 2449 797 2502 oratio
823 2449 869 2500 des
893 2449 929 2500 ll.
958 2463 984 2499 a·
1009 2446 1081 2499 Bitte
1105 2445 1152 2498 des
1172 2447 1204 2497 A.
1229 2461 1273 2497 um

94 2520 164 2574 Hds.
182 2516 381 2579 versttimmelt,
399 2516 442 2568 bei
461 2516 535 2569 Sext.
555 2517 658 2585 Empir.
710 2516 1051 2585 aushtngNortragl--c,
1063 2515 1160 2576 daE.)
1181 2515 1207 2581 b)
1221 2515 1275 2567 Zu-

97 2589 158 2644 adv.
181 2584 369 2654 mathem.1§
387 2586 452 2649 273,
475 2602 514 2639 uo
541 2601 570 2638 er
589 2588 657 2641 nach
710 2603 773 2653 sage
781 2586 829 2639 des
839 2586 875 2639 M.
886 2587 964 2639 nebst
971 2584 1135 2653 Andautung
1145 2585 1212 2638 iiber
1223 2585 1274 2637 sei·

97 2678 230 2745 Sauppe’s
254 2676 416 2741 Erg'anznng
446 2674 543 2726 lautet:
573 2655 659 2720 α’πο-

95 2750 208 2810 dccccv
221 2742 279 2829 cdx
291 2742 414 2808 ἁνδάνει
428 2766 493 2824 μοι,
508 2744 659 2806 τεθνάναι

96 2830 168 2897 (Pon³
188 2832 336 2917 διαφέρει.
372 2847 431 2915 Vgl.
450 2847 538 2901 Plant.
555 2845 659 2912 Captis.

96 2920 174 2986 1115,
192 2920 226 2972 83
243 2920 309 2973 Post
322 2924 435 2971 mortem
452 2917 480 2970 in
493 2922 579 2970 morte
592 2914 658 2967 nihil

97 2998 148 3056 est,
161 2988 232 3058 quod
244 2996 369 3051 metuam,
381 2987 453 3040 mali.
471 2987 562 3040 Ueber
574 2983 660 3038 cinorc'

96 3076 132 3113 zu
150 3058 165 3128 ἓ
184 3059 225 3111 97.
246 3088 277 3097 -
297 3058 363 3111 Iam
380 3057 524 3125 adgnosco
546 3054 607 3120 Gr,
621 3055 658 3119 ja,

91 3131 163 3198 jctzt
180 3129 292 3183 besinne
310 3128 353 3181 ich
366 3128 436 3180 mich
447 3127 544 3181 wieder
558 3124 607 3180 auf
617 3125 659 3178 die

95 3201 197 3268 griech.
216 3199 320 3252 Worte.
353 3196 497 3264 adgnosco
521 3198 580 3249 hier
605 3193 659 3247 und

97 3268 169 3323 bfter
205 3289 233 3314 =
266 3282 431 3335 recognosco
463 3264 658 3320 reminiscendo

97 3336 123 3407 (ξ
136 3339 189 3405 57),
207 3338 296 3391 uomit
310 3335 325 3405 ᾗ
337 3336 370 3388 58
383 3335 523 3403 adgnoscit
537 3335 658 3387 reminis-

97 3409 183 3462 cendo
195 3408 328 3461 wcchselt.
348 3407 408 3474 Vgl.
422 3407 503 3460 1126.
522 3405 582 3457 Von
595 3405 659 3457 Pcr-

96 3493 184 3532 sonen
202 3477 292 3531 Somn.
312 3477 383 3542 Scip.
402 3476 448 3529 12
466 3476 611 3530 Africanus
630 3488 659 3525 se

97 3547 217 3602 ostendit
244 3562 276 3599 ea
300 3546 401 3610 forma,
435 3561 504 3615 quae
533 3544 597 3596 mihi
625 3558 659 3595 ex

96 3617 213 3684 imagine
223 3616 281 3668 cius
289 3631 370 3683 quam
379 3631 412 3668 ex
423 3617 482 3683 ipso
494 3621 552 3668 erat
561 3613 658 3678 notior,

97 3702 178 3754 quem
195 3685 240 3739 nbi
260 3685 373 3753 adgnovi
397 3694 447 3738 cet.
465 3681 532 3751 ναξ
555 3682 587 3735 70
613 3681 659 3734 ad·

96 3756 214 3824 gnoscis.
244 3783 278 3791 -
308 3755 427 3823 coegisti
450 3760 491 3819 act,
515 3753 564 3805 wie
582 3749 597 3818 ξ
618 3751 658 3803 16.

97 3824 228 3893 Hl'suliger
241 3823 285 3877 bei
296 3823 349 3877 Cic.
360 3841 456 3893 cogere
472 3824 520 3876 mit
531 3822 590 3874 dem
607 3819 659 3874 lnf.

99 3923 132 3932 —-
150 3895 264 3962 perfice,
283 3893 310 3946 si
329 3899 427 3961 potes,
447 3895 541 3960 brings
566 3907 595 3944 es
619 3906 658 3944 wo

710 2673 762 2710 nen
773 2657 871 2722 philos.
883 2656 1056 2724 Standpunkt
1066 2652 1091 2721 (ξ
1103 2655 1153 2720 17).
1176 2654 1273 2721 spino.-

711 2728 799 2790 siora,
807 2727 855 2778 wie
867 2727 976 2793 spicae,
984 2733 1061 2779 entw.
1069 2741 1091 2775 v.
1100 2725 1150 2778 den
1163 2725 1273 2778 dialekt.

711 2796 975 2864 Spitzfindiglreiten,
996 2795 1066 2860 (bes.
1085 2796 1134 2848 der
1156 2795 1272 2862 Stoiker,

709 2864 1272 2933 welchcd.Logikvorzugsw.cultivirtenl,
1355 2916 1360 2923 ,

711 2937 784 3003 oder,
797 2937 845 2988 wie
857 2936 923 2999 hier,
937 2950 988 2988 von
1008 2934 1270 3001 unverstiindlichen,

710 3007 814 3060 schwer
826 3022 859 3057 zu
872 3004 1087 3072 widerlegenden
1101 3003 1273 3071 Behauptun·

711 3093 774 3142 gen,
793 3075 881 3129 denen
899 3074 947 3127 der
960 3073 1067 3142 Gegner
1086 3075 1160 3127 nicht
1183 3074 1273 3139 folgen

710 3149 792 3212 kann,
811 3146 880 3199 ohne
891 3144 1036 3212 gleichsam
1046 3147 1073 3198 in
1084 3145 1195 3197 Dornen
1205 3143 1272 3194 hain·

711 3232 762 3285 gen
772 3231 806 3268 zu
816 3214 931 3268 bleiben.
951 3213 1015 3265 lvo
1033 3215 1125 3282 spinas
1136 3210 1273 3281 partiendi

711 3294 739 3339 et
757 3283 913 3349 definiendi;
938 3282 998 3336 Fin.
1014 3284 1087 3336 1113
1113 3284 1211 3336 subtile
1231 3282 1274 3334 vel

711 3357 849 3423 spinosum
877 3354 967 3418 prmius
1002 3352 1152 3405 disserendi
1179 3364 1274 3420 genus,

710 3425 769 3492 Vgl.
777 3424 838 3477 Nat.
850 3422 872 3474 d
884 3423 895 3474 1
906 3421 939 3474 68
950 3423 1020 3488 quod
1031 3439 1090 3475 cum
1100 3420 1207 3474 efficere
1219 3420 1275 3473 vnl-

710 3496 758 3559 tis,
776 3495 803 3546 in
814 3492 921 3545 dumeta
930 3494 1081 3559 correpitis.
1094 3521 1127 3529 -
1142 3491 1229 3558 prins
1242 3510 1272 3535 =

710 3564 809 3632 potius,
822 3564 871 3615 wie
889 3563 913 3615 V
930 3560 1053 3614 771178.
1073 3591 1105 3599 -
1131 3561 1275 3627 confitear,

710 3633 840 3700 zugeben,
852 3633 921 3684 ohne
933 3630 1153 3700 Ueberzengung,
1165 3631 1274 3684 auseae.

710 3700 1275 3770 anstimmen,ausUeberzeugung.--aoeo,

711 3773 809 3838 selten,
828 3769 883 3824 fast
909 3775 993 3838 poet,
1018 3772 1061 3824 bei
1081 3771 1133 3824 Cic.
1153 3788 1205 3824 nur
1222 3786 1275 3824 von

712 3843 736 3895 d.
756 3841 870 3894 Streben
888 3841 957 3892 nach
971 3840 1165 3907 Erbenntnlss3
1184 3838 1274 3908 §112;

713 3910 764 3966 off.
780 3910 793 3963 I
813 3910 845 3962 13
864 3925 971 3963 avemus
991 3911 1093 3978 aliquid
1113 3909 1211 3977 videre,
1230 3925 1275 3963 au·

97 3966 216 4032 mlclich
233 3964 325 4017 dahin.
713 3982 785 4044 ane,
810 3979 962 4046 asciscere
989 3980 1048 4032 mn.
1068 3979 1095 4032 n
1112 3978 1146 4032 lc
1166 3979 1230 4046 quid
1248 3981 1277 4033 sn

132 4048 209 4118 §la
239 4048 321 4116 Jam,
339 4066 403 4103 nnn.
424 4079 455 4086 -
473 4047 593 4115 raccolti,
612 4046 661 4099 wie
714 4051 788 4103 caelo
813 4049 862 4102 fiat
886 4051 956 4102 scire
981 4065 1103 4115 anemae,
1133 4050 1190 4100 Div.
1211 4048 1276 4101 111

97 4117 173 4188 511.
194 4149 225 4157 —
248 4119 479 4189 Quiaqcaoniam
494 4118 521 4170 ff.
549 4118 663 4171 Vorerst
714 4135 779 4174 aveo
799 4119 892 4172 audire
911 4118 943 4170 de
963 4117 1126 4173 divinatione
1140 4118 1205 4185 quid
1217 4134 1277 4171 sen-

96 4191 277 4244 beantwortet
300 4191 337 4242 M.
356 4190 398 4243 die
417 4197 489 4243 erste
508 4188 604 4255 Frage.
628 4213 662 4222 —
713 4191 808 4243 tias-
818 4187 1045 4252 Ut-aon,selbst
1054 4189 1081 4240 in
1089 4187 1149 4240 dem
1161 4192 1277 4251 (diisset-

98 4260 146 4313 cui
167 4264 379 4327 praa-post
411 4264 527 4313 coortam
560 4276 589 4302 =
620 4255 663 4307 cui
714 4261 784 4324 sten)
799 4259 884 4324 Falle,
903 4258 965 4311 dass
979 4259 1053 4312 nicht
1069 4277 1099 4302 =
1117 4273 1193 4310 uenn
1208 4258 1277 4311 auch

98 4329 209 4395 (morti)
232 4346 393 4399 proxumum
411 4338 530 4397 teman,
555 4334 662 4392 tempus
713 4330 795 4395 nicht,
814 4328 941 4380 wahrend
953 4345 987 4380 nc
1001 4329 1037 4395 ul
1051 4327 1092 4392 14)
1107 4326 1215 4380 einfach
1230 4327 1277 4380 das

98 4407 141 4453 est
159 4406 366 4467 postmortem,
391 4400 462 4454 denn
485 4396 662 4450 humittelbar
714 4397 909 4452 concedirende
927 4405 957 4450 nt
975 4399 1070 4464 negirt.
1091 4396 1163 4463 123;
1182 4396 1226 4448 49.
1245 4425 1277 4433 -

98 4484 133 4523 an
151 4470 199 4523 ilm
222 4470 349 4523 schlicsst
369 4471 427 4523 sich
446 4485 481 4522 an
499 4495 540 4517 -.
568 4467 610 4518 ito
628 4480 662 4516 zu
714 4467 832 4534 officim,
852 4467 992 4534 beweisen,
1011 4482 1073 4519 sou.
1088 4469 1179 4520 mitat
1193 4463 1278 4533 &233

97 4536 166 4607 §11
191 4554 224 4593 ne
241 4568 268 4576 -κ
289 4539 397 4605 quidem
421 4555 446 4592 u.
472 4535 538 4605 §12
562 4537 602 4588 ita
630 4563 660 4571 -
713 4536 785 4606 §2373
805 4536 902 4599 vilo)
923 4539 963 4589 als
979 4538 1027 4589 mit
1041 4538 1100 4590 dem
1114 4538 1176 4588 Acc.
1191 4551 1214 4588 c.
1226 4536 1280 4589 Inf.

97 4608 130 4661 id
149 4613 204 4674 cst,
223 4606 394 4677 formelhaft,
414 4608 483 4661 ohne
497 4606 596 4659 Rllcks.
616 4603 665 4658 auf
714 4605 739 4675 (ᾗ
753 4607 805 4673 77).
825 4605 874 4659 Ea
887 4621 941 4671 quo
956 4607 1076 4673 effic-itai·
1098 4611 1129 4660 ut
1148 4607 1173 4660 V
1189 4605 1231 4658 45.
1246 4633 1280 4642 -

97 4678 142 4733 die
153 4676 352 4745 Construction,
368 4675 427 4745 ναξ
439 4677 480 4730 75.
495 4706 522 4713 -
542 4673 661 4729 Uberius
714 4683 824 4742 taruco,
843 4675 912 4729 doch
930 4677 1103 4745 wenigstens.
1119 4705 1153 4712 -
1176 4676 1288 4729 coatia.
